1986 3450
179 211 375 262 DEI-CLARIS
397 209 627 270 ORATottlBUs,
643 210 713 261 Car.
729 213 769 279 ᾷθ.
820 213 861 272 87

77 358 178 433 agitur
201 368 296 416 autem
314 357 401 428 -illud,
423 357 500 432 quod
524 356 621 415 multis
639 355 715 428 ,locis
738 358 768 415 in
788 357 861 438 juris

77 438 270 496 consultorum
295 438 451 496 includitur
478 437 615 507 formulis,
641 437 670 493 id
701 437 750 494 ubi
773 448 859 510 esset,

75 519 198 577 videbat.
234 519 360 577 LXXX.
384 518 553 578 Accedebat
566 518 746 575 ordo‘reruni
758 520 859 595 plenus
869 541 909 581 ero

76 600 153 671 artis,
170 599 245 656 actio
259 599 384 657 liberalis
406 609 550 673 totumque
573 598 689 657 dicendi
713 599 859 675 placidum

75 689 104 736 et
113 699 213 737 sanum
225 696 325 756 genus.
350 679 438 740 Quod
450 680 473 737 si
485 680 673 755 estoptimnm
685 679 809 739 suaviter
818 679 860 736 di·

76 778 153 828 cere,
163 760 234 817 uihii
246 766 298 830 est,
307 759 382 835 quod
393 761 494 818 meiius
506 760 559 825 boc
571 761 753 834 querendum
766 770 858 837 putes.

76 839 136 914 Sed
148 858 215 897 cum
230 858 246 896 a
260 840 341 897 nobis
351 841 446 916 purilio
458 850 523 898 ante
537 840 645 897 dictum
657 842 694 900 sit
704 841 758 898 tria
768 839 859 899 videri

76 938 151 990 esse,
165 939 227 995 quae
241 930 333 978 orator
357 921 471 979 efficere
493 921 618 992 deberet,
634 930 664 978 ut
685 922 811 990 doceret,
827 928 858 979 ut

75 999 242 1074 delectaret,
258 1014 288 1060 ut
311 998 453 1071 more'ret3
472 1001 530 1059 duo
544 1020 654 1059 summe
668 1003 769 1074 tenuit,
784 1009 859 1060 utet
944 1065 946 1070 ,

75 1098 136 1139 rem
152 1078 303 1140 illustraret
316 1076 491 1151 disserendo,
503 1089 532 1138 et
552 1081 665 1147 animos
686 1100 794 1151 eorum,
808 1081 858 1158 qui

75 1161 216 1233 audirent,
230 1162 388 1221 devinciret
402 1164 552 1237 voluptate.
588 1162 699 1219 Aberat
712 1162 796 1220 tertia
809 1162 859 1222 illa

73 1240 210 1318 lausque
220 1252 396 1318 permoveret
408 1254 490 1319 atque
502 1241 763 1313 incitaretanimos,
772 1260 858 1316 quam

73 1320 226 1398 plurimum
241 1325 346 1401 pollere
371 1323 513 1394 diximus3
535 1341 591 1379 nec
607 1331 669 1378 erat
690 1323 748 1380 ulla
762 1323 804 1379 vis
815 1333 859 1380 at·

74 1421 129 1478 que
153 1405 318 1463 contentio:
339 1403 399 1461 sive
421 1402 550 1472 consilio,
565 1402 639 1477 quod
661 1421 719 1476 eos,
738 1420 858 1478 quorum

76 1482 157 1542 altior
178 1485 269 1542 oratio
292 1484 423 1557 actioque
445 1494 520 1539 esset
539 1481 692 1563 ardentior,
715 1481 808 1543 surere
830 1493 860 1545 et

73 1562 210 1621 bacchari
226 1563 418 1632 arbitraretur,
434 1563 492 1621 sive
506 1561 581 1638 quod
596 1573 697 1620 natura
712 1581 770 1620 non
784 1573 860 1621 esset

73 1642 114 1700 ito
125 1643 229 1712 iectus,
239 1643 297 1700 sive
305 1643 379 1719 quod
392 1662 449 1699 non
461 1639 635 1719 consuesset,
645 1642 704 1700 sive
716 1643 791 1719 quod
802 1662 858 1703 non

73 1732 178 1799 posset.
210 1722 275 1780 Hoc
290 1742 379 1780 unum
394 1722 443 1793 itli,
456 1723 480 1785 si
495 1723 564 1780 nihii
581 1723 709 1781 utilitatis
725 1724 857 1795 habebut,

71 1801 177 1873 absuit3
199 1803 222 1860 si
236 1822 307 1879 opus
321 1814 390 1874 erat,
403 1803 500 1871 defuit.
532 1804 615 1865 Quin
630 1804 716 1862 etiarn
730 1804 858 1876 memini,
868 1825 908 1867 277

73 1902 141 1941 curn
166 1884 195 1941 in
221 1884 403 1942 accusatione
427 1882 478 1941 sua
501 1883 541 1946 Q.
557 1884 661 1942 Gallio
676 1884 790 1957 crimini
811 1885 859 1948 de·

73 1964 162 2021 disset
183 1964 238 2022 sibi
259 1983 325 2022 eum
351 1983 492 2022 venenum
512 1965 656 2042 paravisse
681 1965 766 2041 idque
790 1985 806 2023 o
827 1984 859 2022 se

75 2062 138 2102 esse
160 2044 379 2122 deprehensum,
394 2064 521 2121 seseque
546 2045 746 2123 chirographa,
761 2046 859 2104 testifi-

76 2125 214 2197 cationes,
243 2125 360 2199 iudioia,
375 2127 564 2201 questiones,
589 2125 769 2185 manifestam
797 2144 858 2184 rem

76 2204 187 2263 deferre
209 2206 328 2277 diceret,
354 2207 445 2281 deque
468 2225 502 2263 eo
527 2205 648 2264 crimine
674 2218 815 2267 accurate
830 2215 866 2263 et

76 2285 215 2360 exquisite
230 2286 504 2363 disputavisset,me
520 2286 549 2344 in
569 2287 777 2365 respondendo,
792 2303 859 2342 cum

77 2383 169 2423 essem
195 2376 417 2443 argumentatus,
440 2376 578 2443 quantum
602 2386 647 2424 res
670 2367 788 2435 ferebat,
803 2365 860 2421 boo

77 2445 170 2522 ipsum
194 2448 289 2504 etiam‘
301 2447 429 2523 posuisse
449 2466 499 2522 pro
520 2457 698 2524 argumento,
712 2444 788 2522 quod
803 2443 861 2515 ille,

77 2543 145 2584 cum
159 2538 268 2603 pestem
291 2527 393 2604 capitis
415 2527 469 2598 sui,
485 2546 551 2597 curn
576 2528 685 2586 indicia
710 2523 808 2582 mortis
830 2542 862 2591 se¹

77 2607 249 2684 comperisse
273 2608 425 2665 manifesto
449 2617 478 2665 et
504 2626 590 2667 manu
619 2618 716 2665 tenere
741 2604 860 2680 diceret,

78 2696 136 2745 taur
160 2688 252 2746 soluto
273 2689 389 2765 egisset,
404 2699 462 2745 tam
486 2687 598 2760 leniter,
613 2699 671 2746 tarn
695 2685 859 2745 oscitanter.

83 2765 130 2824 Tu
152 2768 235 2840 istuc,
251 2768 293 2824 M.
312 2769 419 2840 Calidi,
445 2769 502 2825 nisi
514 2768 655 2846 fingeres,
670 2766 711 2823 sic
736 2785 834 2842 egeres
846 2771 859 2826 t
871 2786 910 2828 att

71 2849 232 2924 presertim
247 2867 307 2904 cum
321 2850 378 2906 istc
388 2850 546 2926 eloquentia
557 2849 711 2906 alienorum
722 2849 861 2907 dominum

71 2929 204 3005 pericula
226 2926 373 3003 defendere
395 2931 529 2988 acerrime
551 2929 651 2997 soleas,
674 2936 752 2986 tuum*
772 2927 862 3002 negli-

73 3012 177 3087 geres?
225 3007 280 3065 Uti
293 3009 397 3066 dolor?
418 3010 467 3068 nti
483 3009 572 3068 ardor
593 3007 691 3082 anicii,
706 3009 756 3086 qui
777 3008 862 3071 etiarn

57 3112 109 3151 -ce
135 3087 292 3167 insontium
314 3089 438 3165 ingeniis
458 3091 557 3150 elicere
586 3107 664 3151 voces
686 3098 713 3149 et
734 3087 861 3167 querelor
