1986 3450
131 229 171 289 86
239 228 286 276 DE
308 227 433 276 CLARIS
452 224 687 282 cremutius,
704 224 773 273 Cae.
790 225 831 272 te.

133 373 255 433 ditorum
269 373 432 450 popularem
448 372 697 446 turbulentamque
711 368 892 427 dementiam
907 388 923 428 a

133 464 233 511 senatu
247 464 276 512 et
290 475 307 512 a
321 455 456 511 bonorum
478 471 572 509 causa>
588 452 698 508 steterit
721 450 922 510 constantius:

131 546 217 610 quam
233 535 294 611 ejus
309 534 450 592 actionem
466 532 585 590 multum
608 543 704 589 tamen
725 543 753 588 et
769 531 924 607 splendida

133 624 162 671 et
175 616 293 691 grandis
305 625 334 671 et
348 613 450 670 eadem
465 612 602 688 imprimis
614 611 708 669 faceta
718 624 747 668 et
756 612 922 687 perurbana

133 695 353 761 commendabat
367 694 465 750 oratio.
500 692 610 750 Graves
624 692 686 768 ejus
701 690 856 765 conciones
872 692 922 750 ali·

132 784 200 850 q'uot
228 775 358 845 luerunt,
387 793 468 831 acres
496 772 695 830 accusationes
728 781 785 828 tres
820 790 921 848 eaeque

132 873 232 912 omues
245 873 281 911 ex
295 855 336 911 rei
350 854 472 931 publicae
488 853 671 927 contentione
689 863 848 929 susceptae:
871 853 920 911 de·

133 932 285 998 sensiones,
300 935 353 992 etsi
368 935 415 991 illa
429 945 510 992 erant
525 934 553 990 in
569 953 603 991 eo
624 933 753 1004 meliora,
765 952 831 1007 quae
847 933 918 1006 dixi,

133 1033 190 1071 uon
219 1015 436 1082 contemnendae
464 1025 561 1071 tamen
589 1032 715 1088 saneque
742 1013 916 1073 tolerabiles.

133 1093 192 1151 Hic
207 1114 273 1152 cum
288 1094 559 1155 summavvoluntate
575 1095 712 1151 bonorum
728 1093 819 1151 aedilis
833 1113 920 1152 curu·

132 1173 167 1233 lis
192 1175 285 1232 lactus
306 1187 391 1244 esset,
416 1175 514 1233 nescio
538 1176 678 1250 quomodo
702 1173 832 1231 discessu
856 1193 921 1233 meo

132 1254 263 1314 discessit
277 1275 294 1314 a
307 1275 378 1327 sese,
395 1257 566 1332 ceciditque,
580 1270 763 1331 posteaquam
784 1273 834 1312 eos
857 1254 921 1312 imi·

82 1336 187 1394 attari
212 1337 308 1412 coepit,
330 1357 400 1413 quos
423 1338 481 1413 ipse
505 1344 687 1411 perverterat.
731 1333 789 1391 Sed
812 1334 849 1391 de
877 1336 920 1394 M.

133 1415 246 1474 Calidio
260 1417 390 1476 dicamus
406 1417 521 1493 aliquid,
536 1416 584 1491 qui
599 1434 655 1472 non
671 1414 723 1472 luit
736 1425 830 1473 orator
846 1434 922 1473 unus

133 1514 149 1554 e
174 1497 278 1568 multis,
303 1499 407 1574 potius¹
422 1499 495 1555 inter
518 1497 621 1554 multos
647 1514 735 1571 prope
762 1495 918 1572 singularis

133 1576 200 1634 suit:
223 1578 262 1635 ita
275 1579 438 1636 reconditas
452 1577 661 1653 exquisitasque
680 1574 837 1632 sententias
853 1577 922 1635 mol·

132 1656 168 1713 lis
181 1668 210 1714 et
224 1658 372 1734 pellucens
386 1656 524 1718 vestiebat
537 1657 636 1714 oratio.
672 1655 753 1712 Nihil
767 1666 825 1712 tam
841 1667 921 1714 teue-

133 1755 195 1794 rum
211 1758 295 1813 quam
320 1739 395 1796 illius
417 1738 634 1814 comprehensio
655 1737 824 1806 verborum;
847 1737 920 1794 nibil

133 1826 192 1873 tam
214 1817 349 1889 flexibile,
373 1818 454 1889 nibil,
476 1819 550 1893 quod
577 1816 669 1893 magis
688 1816 776 1892 ipsius
802 1816 921 1876 arbitrio

133 1895 297 1973 fingeretur,
312 1910 343 1955 ut
357 1899 462 1955 nullius
484 1897 606 1955 oratoris
626 1915 706 1971 aeque
728 1896 757 1953 in
779 1906 921 1971 potestate

134 1975 235 2034 fuerit:
258 1980 321 2053 quae
336 1979 457 2054 primum
473 1979 513 2034 ita
527 1996 598 2052 pura
612 1987 683 2048 erat,
698 1987 729 2034 ut
750 1976 822 2033 nihil
836 1976 921 2052 liqui-

133 2054 218 2125 diusq
241 2057 280 2114 ita
294 2057 382 2116 libere
397 2058 512 2130 fluebat,
528 2067 559 2114 ut
577 2076 717 2133 nusquam
744 2057 922 2115 adhaeresce·

133 2144 195 2194 ret:
218 2138 327 2196 nullum
350 2139 405 2197 nisi
433 2140 497 2197 loco
520 2138 642 2215 positum
667 2150 696 2195 et
719 2147 866 2212 tamquam
891 2137 920 2194 in

134 2217 315 2277 vermiculato
330 2221 496 2288 emblemate,
512 2231 541 2277 ut
565 2219 605 2276 ait
624 2217 763 2288 Lucilius,
778 2226 920 2274 structum

135 2298 252 2356 verbum
267 2300 394 2370 videres;
416 2320 472 2359 nee
486 2319 552 2357 vero
575 2300 664 2357 ullum
689 2309 736 2356 aut
750 2298 922 2355 durum'aut

134 2379 259 2438 insolens
273 2391 322 2438 aut
336 2381 442 2439 humile
458 2391 506 2438 aut
521 2380 633 2457 longius
648 2379 767 2436 ductum
781 2397 787 2434 :
800 2396 845 2445 ,ac
860 2395 920 2436 nou

133 2461 247 2537 propria
260 2462 347 2519 verba
362 2481 455 2519 rerum
471 2462 521 2518 sed
543 2461 678 2537 pleraque
697 2458 854 2516 translata:
877 2457 921 2515 sic

133 2553 239 2613 tamen,
255 2552 284 2600 ut
298 2561 334 2600 ea
348 2561 402 2599 uon
419 2543 533 2600 irruisse
556 2541 585 2605 iu
602 2542 736 2598 ‘alienum
758 2539 854 2596 locum
868 2538 921 2595 sad

134 2620 313 2698 immigrasse
337 2622 366 2680 in
395 2642 477 2679 suum
505 2622 625 2678 diceres.
668 2619 733 2678 Nec
761 2636 828 2676 vero
855 2618 921 2678 haec

134 2699 225 2757 soluta
239 2723 294 2762 nec
308 2703 467 2761 diffluentia
491 2703 540 2759 sed
564 2701 699 2758 adstricta
719 2698 845 2757 numeris
861 2717 920 2757 nou

135 2791 231 2855 aperte
247 2802 301 2841 nec
314 2785 415 2842 eodem
431 2784 514 2840 modo
538 2801 648 2858 semper
673 2781 722 2838 sed
737 2779 815 2836 varie
837 2777 923 2837 dissi·

83 2859 332 2940 mamulanterque
354 2864 504 2923 conclusis.
547 2861 638 2920 Erant
660 2874 754 2919 autem
779 2868 808 2916 et
821 2860 923 2918 verbo-

133 2960 197 3001 rum
220 2951 249 2998 et
275 2945 480 3004 sententiarum
507 2943 555 3001 illa
581 2943 699 3014 lumina,
724 2959 787 3017 quae
814 2949 921 2998 vocant

134 3021 232 3083 Graeci
251 3038 374 3099 σχήματα,
399 3025 501 3102 quibus
528 3034 673 3101 tamquam
700 3017 861 3098 insignibus
888 3021 920 3079 in

133 3114 236 3162 ornatu
250 3103 478 3180 distinguebatur
490 3105 584 3166 amuis
605 3103 706 3165 oratio.
748 3101 820 3171 Qua
840 3101 875 3161 dc
888 3121 922 3161 re
