1986 3450
190 217 237 267 DE
259 217 385 268 CLARIS
404 216 636 276 ORATORIBUS,
651 217 721 267 Cas.
738 219 777 266 m.
823 217 880 278 ’83

96 382 163 422 cum
177 363 288 422 idcirco
304 364 438 436 obscura,
452 364 518 440 quia
538 373 759 442 pertentatum
780 362 880 441 rapida

95 453 125 502 et
151 445 297 502 celeritate
325 458 435 504 caecata
461 444 570 502 oratio:
593 445 643 502 sed
666 463 758 519 neque
785 444 879 502 verbis

95 525 232 601 aptiorem
260 525 319 584 cito
347 526 434 583 alium
461 525 581 582 dixerim
609 542 702 601 neque
729 525 879 583 sententiis

95 605 278 664 crebriorem.
320 606 462 666 Praeterea
475 605 618 682 perfectus
634 607 662 662 in
685 605 775 662 literis
796 604 880 683 juris·

93 704 150 761 que
165 687 257 744 ciuilis
267 687 328 763 jam
344 706 360 744 a
374 699 452 763 patre
467 687 617 744 Aculeone
638 686 771 744 traditam
787 687 880 744 tenuit

94 766 287 843 disciplinam.
329 766 446 844 Reliqui
460 776 536 834 sunt,
550 767 599 842 qui
613 766 717 825 mortui
741 766 828 840 sint*
844 766 877 825 L.
888 780 929 821 ere

96 845 273 923 Torquatus,
287 867 371 923 quem
393 860 424 906 tu
445 866 502 906 non
522 857 579 904 tam
602 848 660 905 cito
680 847 880 905 rhetorem'di·

93 926 195 998 xisses‚
216 928 269 984 etsi
289 947 347 986 non
371 929 470 986 deerat
490 928 591 999 oratio,
615 948 711 1005 quarn,
729 939 760 985 ut
781 926 879 987 Gr'aeci

94 1007 206 1078 dicunt,
231 1022 365 1071 πολιτικόν.
408 1008 498 1067 Erant
520 1008 548 1066 in
572 1028 607 1067 eo
633 1009 762 1085 plurimae
790 1008 878 1068 literae

95 1106 151 1145 nec
173 1107 214 1148 eae
229 1089 358 1166 vulgares
382 1091 433 1148 sed
458 1089 610 1147 interiores
630 1089 813 1164 quaedamst
837 1108 878 1147 re·

95 1168 238 1241 conditae;
260 1171 356 1229 divina
381 1170 528 1247 memoria,
543 1188 655 1227 summa
679 1169 828 1226 verborum
849 1182 879 1226 et

94 1249 218 1326 gravitas
244 1261 273 1309 et
298 1252 463 1329 elegantia;
488 1261 581 1325 atque.
601 1250 663 1308 haec
689 1249 787 1307 omnia
813 1248 878 1308 vites

95 1328 250 1388 decorabat
276 1333 401 1409 gravitas
428 1343 458 1390 et
484 1328 643 1406 integritas.
685 1328 737 1386 Me
763 1327 890 1404 quidem¹

95 1409 247 1469 admodum
261 1412 425 1471 delectabat
439 1410 525 1471 etiam
548 1408 657 1468 Triarii
680 1408 709 1466 in
733 1408 781 1466 ilia
795 1418 879 1467 atate

93 1489 178 1566 plena
192 1493 311 1551 literatae
326 1491 483 1549 senectutis
501 1490 600 1548 oratio.
641 1491 762 1553 Quanta
776 1488 880 1547 severi·

94 1579 140 1627 tas
153 1571 182 1628 in
197 1572 295 1630 vultui
318 1582 456 1647 quantum
479 1570 589 1647 pondus
612 1570 640 1628 in
661 1569 772 1628 verbis!
794 1586 879 1646 quam

93 1650 166 1708 nihil
194 1670 252 1708 non
281 1651 492 1711 consideratum
516 1649 613 1708 exibat
633 1670 669 1708 ex
690 1650 755 1708 ore!
797 1649 928 1714 Trrmma

94 1732 202 1790 Brutus
227 1730 366 1808 Torquati
380 1742 409 1788 et
421 1730 529 1791 Triarii
553 1730 700 1790 mentione
721 1741 880 1789 commotus

94 1810 261 1888 (utrumque
275 1813 352 1870 enim
366 1831 464 1871 eorum
479 1811 632 1870 admodum
644 1811 807 1891 dilexerat),
822 1810 878 1871 Nm

93 1902 158 1970 ego,
173 1891 274 1968 inquit,
296 1903 328 1951 ut
347 1894 477 1951 omittam
502 1901 685 1968 ceteraque
708 1904 775 1950 suut
796 1892 879 1950 innu-

94 1972 251 2045 merabilia,
263 1973 300 2031 de
311 1973 372 2033 istis
385 1974 496 2032 duobus
510 1986 577 2030 cum
592 1973 698 2051 cogito,
709 1973 792 2039 doleo
806 1973 878 2031 nihil

94 2061 171 2110 tuam
186 2064 349 2132 perpetuam
374 2055 572 2115 auctoritatem
594 2055 631 2111 d'e
652 2072 724 2131 pace
738 2053 876 2111 valuisse:

95 2151 162 2191 nam
176 2153 231 2192 nec
245 2135 313 2193 istos
326 2136 501 2194 excellentes
515 2134 589 2192 viros
612 2141 669 2192 n'ec
691 2135 794 2192 multos
809 2134 878 2191 alios

93 2225 260 2290 prestantes
275 2216 351 2272 cives
372 2214 547 2292 respublica
567 2212 745 2291 perdidisset.
788 2214 879 2271 Siiea·

94 2313 167 2368 mus,
183 2295 309 2372 inquamj
325 2295 421 2367 Brute,
436 2296 472 2353 de
487 2295 557 2367 istis,
573 2312 610 2352 ne
631 2313 788 2372 augeamus
802 2293 878 2349 dolo·⁴
903 2365 906 2372 ⁴

94 2393 170 2447 rem:
191 2394 258 2433 nam
272 2388 301 2434 et
315 2376 521 2452 preteritorum
541 2375 701 2434 recordatio
714 2387 757 2432 est
773 2371 878 2429 acerba

93 2464 123 2512 et
138 2456 265 2514 acerbior
279 2456 453 2533 exspectatio
467 2455 648 2531 reliquorum.
682 2454 784 2530 Itaque
797 2450 879 2508 ornit-

93 2546 187 2595 tamus
201 2536 314 2614 lugere3
336 2548 365 2595 et
387 2547 509 2603 tanturn,
523 2535 589 2611 quid
613 2537 732 2612 quisque
754 2531 878 2591 dicendo

93 2616 227 2692 potuerit,
255 2618 389 2692 quoniam
425 2617 453 2675 id
488 2616 651 2692 quaerimus,
678 2613 877 2692 predicemus.

93 2695 251 2757 LXXVII.
275 2699 349 2755 Sunt
370 2698 456 2756 etiam
479 2717 515 2755 ex
539 2697 583 2768 iis,
605 2697 654 2775 qui
678 2694 779 2752 eodem
804 2690 927 2756 belluam

91 2776 272 2846 occiderunt,
287 2779 329 2836 Μ.
345 2777 473 2846 Bibulus,
488 2777 579 2855 quiet
600 2774 769 2852 scriptitarit
794 2793 879 2833 accu-

93 2867 165 2926 rate,
188 2877 255 2915 curn
277 2861 432 2936 praesertim
457 2879 515 2918 non
540 2868 616 2916 esset
639 2865 742 2927 orator,
766 2865 796 2913 et
819 2855 880 2932 egit

93 2938 184 2998 multa
198 2949 381 2997 constanter:
404 2939 515 3017 Appius
540 2936 690 3007 Claudius,
705 2955 787 2995 socer
802 2946 879 3006 tuus,

343 3105 356 3130 ¹⁹
368 3104 466 3165 Ernesti
479 3104 543 3168 conj.
558 3105 629 3153 ruat.
