1986 3450
183 221 230 269 DE
252 221 388 281 CLARIS!
403 223 633 283 ORATORIBUS,
650 223 718 273 Che.
735 226 774 273 at.
834 225 874 285 39

90 365 148 422 bat.
198 366 305 426 Iisdem
339 369 513 447 temporibus
540 371 582 430 M.
610 369 727 441 Brutus,
755 370 784 428 in
817 389 873 462 quo

91 463 228 524 magnum
243 448 305 521 fuit,
319 448 418 522 Brute,
423 451 557 509 dedecus
580 450 680 529 generi
699 460 800 522 vestro,
814 451 872 526 qui,

93 545 158 584 cum
186 539 265 587 tanto
294 531 409 588 nomine
436 541 519 604 esset,
545 543 709 629 patremque
736 532 874 607 optimum

93 606 185 666 virum
209 611 356 668 habuisset
382 622 411 669 et
431 612 502 688 juris
523 613 735 688 peritissimum,
758 630 875 669 accusa·

93 685 199 747 tionem
227 690 397 759 factitaverit
424 703 455 749 ut
482 694 605 751 Athenis
638 693 796 769 Lycurgus,
845 691 875 748 ls

94 769 277 847 magistratus
291 792 348 830 non
363 774 471 859 petivit,
486 775 535 830 sed
558 774 610 832 fuit
630 785 778 831 accusator
793 772 876 829 vehe-

94 868 177 907 mens
199 860 228 907 et
253 853 396 928 molestus,
420 855 453 912 ut
477 854 561 921 facile
587 871 721 912 cerneres
744 852 875 910 naturale

94 929 237 1009 quoddam
257 933 349 1010 stirpis
373 936 478 993 bouum
501 935 717 1012 degeneravisse
739 933 807 991 vitio
829 933 877 990 de·

94 1022 219 1088 pravatae
233 1013 393 1075 voluntatis.
424 1017 519 1091 Atque
533 1017 632 1074 eodem
648 1029 773 1091 tempore
789 1033 874 1072 accu·
888 1035 925 1077 1³1

96 1099 172 1149 sator
199 1092 235 1157 de
261 1095 343 1170 plebe
371 1096 405 1154 L.
428 1095 596 1155 Caesulenus
624 1096 686 1166 fuit,
712 1113 797 1170 quem
824 1113 878 1171 ego

97 1171 213 1229 andivi
203 1192 262 1249 Jam
278 1195 386 1249 senem,
401 1196 467 1235 cum
486 1178 521 1233 ab
546 1176 579 1234 L.
595 1142 720 1234 Sabellio
742 1173 878 1230 mulctam

95 1250 160 1328 lege
176 1253 290 1329 Aquilia
303 1223 433 1314 damrii
427 1257 532 1333 injuria
554 1257 707 1346 petivisset.
749 1253 816 1310 Non
838 1253 878 1310 fe-

97 1331 201 1391 cissem
228 1336 352 1393 hominis
384 1356 466 1428 paene
494 1335 584 1393 inlini
612 1334 797 1425 mentionem,
825 1331 880 1390 nisi

94 1411 265 1488 judicarem,
280 1415 328 1491 qui
342 1416 526 1492 suspiciosius
541 1426 590 1473 aut
610 1413 791 1490 criminosius
805 1412 881 1472 dice·

97 1501 150 1560 ret,
173 1495 315 1565 audivisse
343 1515 389 1553 me
417 1495 571 1553 neminem
612 1493 742 1553 XXXV.
772 1492 882 1550 Doctus

96 1573 184 1631 etiam
200 1573 363 1632 Graecis'L'
380 1576 521 1634 Albucius
536 1576 579 1633 vel
600 1575 694 1652 potrus
707 1591 790 1650 paene
804 1572 882 1632 Grae
942 1636 946 1643 ,

97 1672 160 1712 cus.
196 1652 318 1729 Loquor,
333 1665 364 1712 ut
377 1656 491 1731 opinor;
513 1657 563 1713 sed
576 1656 644 1714 licet
658 1652 882 1713 exorationibus

93 1732 237 1811 judicare.
280 1733 348 1792 Fuit
363 1749 456 1793 autem
473 1737 595 1795 Athenis
611 1736 799 1804 adolescensa
819 1753 882 1811 per-

97 1815 200 1872 fectus⁴
225 1813 385 1891 Epicureus
412 1828 550 1891 evaserat,
578 1817 695 1874 minime
723 1824 818 1892 aptum
845 1813 882 1872 ad

97 1893 255 1953 dicendum
269 1915 369 1973 genus.

138 1975 157 2033 J
160 1993 206 2032 am
220 1975 259 2037 Q.
273 1977 394 2036 Catulus
407 1997 464 2036 non
480 1976 595 2054 antiquo
609 1977 657 2035 illo
671 1992 749 2035 more
763 1976 813 2034 sed
828 1976 932 2037 booron

98 2065 204 2132 nostro,
220 2056 275 2115 nisi
288 2059 355 2133 quid
371 2058 431 2116 lieri
445 2069 537 2135 potest
556 2058 721 2136 perfectius,
735 2057 882 2128 eruditus;

99 2136 196 2194 multae
224 2137 323 2210 literae3
351 2158 462 2196 summa
497 2158 555 2199 non
581 2139 645 2196 vitae
678 2138 767 2195 solum
800 2148 888 2212 atque.

100 2227 210 2276 naturae
225 2218 274 2276 sed
293 2219 429 2277 orationis
450 2217 536 2276 etiam
562 2219 699 2288 comitas;
722 2217 885 2307 incorrupta

99 2297 230 2372 quedam
245 2299 342 2358 Latini
356 2302 494 2360 sermonis
514 2299 672 2376 integritas,
686 2318 748 2374 quae
762 2295 886 2374 perspici

100 2396 167 2435 cum
183 2397 219 2435 ex
232 2379 445 2438 orationibus
421 2398 482 2455 ejus
503 2391 596 2455 potest
609 2391 669 2437 tum
691 2378 827 2437 facillime
851 2393 887 2432 ex

99 2476 136 2516 eo
150 2458 222 2514 libro
224 2479 336 2545 ‚quem
351 2461 387 2517 de
412 2460 561 2517 consulatu
586 2461 669 2517 etde
693 2459 778 2517 rebus
799 2454 887 2532 gestis

100 2537 162 2596 suis
177 2536 370 2633 conscriptum
395 2540 471 2598 molli
497 2550 525 2597 et
545 2539 757 2617 Xenophonteo
780 2553 887 2612 genere

101 2621 244 2678 sermonis
258 2621 334 2678 misit
349 2620 384 2677 ad
400 2622 437 2678 A.
452 2620 573 2679 Furium
587 2625 702 2698 potitam
718 2616 886 2675 familiarem

101 2716 207 2769 suum;
227 2708 275 2777 qur
268 2701 361 2758 liber
375 2700 465 2758 nihilo
478 2702 569 2760 notior
593 2712 637 2760 est
657 2718 742 2776 quam
765 2696 805 2754 illi
820 2709 887 2771 tres,

101 2782 139 2838 de
156 2744 420 2855 quibusantedixi,
436 2777 544 2840 Scauri
561 2781 634 2840 libri
677 2778 756 2836 Tum
771 2778 886 2850 Brutus,
899 2797 936 2838 raa

102 2860 178 2918 Mihi
195 2861 311 2938 quidem
326 2880 379 2918 uec
394 2862 446 2919 iste
461 2873 544 2921 notus
558 2873 601 2919 est
615 2880 670 2920 nec
685 2859 741 2916 illi:
763 2860 813 2917 sed
824 2860 888 2919 haec

103 2961 169 3001 mea
183 2944 269 3019 culpa
282 2952 339 3011 est3
362 2962 507 3018 nunquam
521 2943 599 3002 enim
621 2942 650 2998 iu
666 2958 767 2998 manus
782 2940 899 2996 incide*

103 3034 179 3083 runt.
214 3023 244 3081 N
247 3041 306 3081 unc
321 3031 415 3079 autem
429 3034 458 3080 et
473 3043 489 3080 a
502 3036 531 3081 te
545 3039 666 3091 sumam,
680 3030 710 3077 et
723 3019 888 3095 conquiram

103 3104 160 3164 ista
182 3105 303 3182 posthac
326 3102 476 3162 curiosius.
518 3102 587 3160 Fuit
613 3100 700 3180 igitur
726 3101 764 3159 in
785 3097 900 3156 uatus
