1986 3450
146 195 193 245 DE
214 195 340 247 CLARIS
360 194 591 267 ORATORIBUS,
607 195 673 245 Cer.
690 195 729 244 68.
800 195 841 255 63

59 340 155 398 autad
167 341 330 402 Gaesarem:
347 340 519 420 [secundum
531 342 693 419 Philippum
703 352 733 399 et
744 341 839 400 Caesa·

59 420 153 509 remJ*
168 423 253 481 Cotta
273 433 302 481 et
323 422 476 498 Sulpicius
488 422 702 499 expetebantur.
743 422 788 481 Ita
802 420 838 476 ab

59 499 103 559 his
116 522 166 560 sex
178 503 305 578 patronis
317 523 411 562 causae
423 503 544 561 illustres
555 504 732 581 agebantur:
747 519 839 578 neque

57 588 116 638 tarn
142 583 231 641 multa
255 603 339 659 quam
362 595 456 641 nostra
481 596 562 643 aetate
580 583 692 660 judicia
716 583 837 653 fiebant3

58 679 151 737 neque
178 664 287 740 hoc‚q
290 665 345 721 uod
369 683 446 722 nunc
469 665 510 735 fit,
538 674 568 721 ut
596 683 690 722 causae
717 662 838 754 singulae

57 685 287 803 defenderentur
294 744 457 834 apluribus‚
473 765 528 820 quc
545 745 614 803 nihil
636 756 680 800 est
701 741 836 800 vitiosius.

58 820 322 912 Respondemus''
304 844 348 896 ns,
371 845 441 900 quos
455 845 511 882 nou
528 825 705 882 audivimus:
727 823 757 880 in
782 841 888 898 quosne

56 902 180 978 primurn
203 925 276 982 saepe
298 905 378 962 aliter
407 917 450 963 est
474 906 594 976 dictum,
617 894 697 962 aliter
723 904 757 960 ad
786 922 838 960 nos

56 982 197 1042 relatum:
232 986 343 1044 deinde
362 986 458 1063 magni
485 987 602 1043 interest
623 1004 717 1044 coram
741 983 837 1040 videre

57 1080 114 1133 me,
142 1067 377 1140 quemadmodum
406 1067 583 1123 adversarius
610 1066 645 1123 de
671 1083 782 1141 quaque
806 1083 837 1120 re

57 1155 208 1218 asseveret,
218 1147 340 1204 maxime
352 1157 457 1217 autem,
468 1146 706 1224 quemadmodum
719 1163 837 1219 quaeqne

56 1243 103 1282 res
130 1227 267 1287 audiatur.
310 1227 369 1284 Sed
395 1226 466 1285 nihil
494 1225 621 1283 vitiosius
647 1243 743 1300 quam,
771 1241 837 1280 oum

56 1323 145 1362 unum
160 1326 261 1383 corpus
284 1307 388 1364 debeat
409 1325 472 1364 esse
494 1304 678 1375 defensionis,
700 1302 780 1361 nasci
802 1302 838 1358 de

56 1383 168 1462 integro
194 1406 334 1455 oausam,
350 1405 416 1444 cum
444 1386 480 1442 sit
508 1386 544 1441 ab
578 1386 666 1442 altero
698 1391 836 1459 perorata.

56 1463 193 1524 Omnium
226 1467 302 1524 enim
331 1485 482 1523 causarum
518 1483 607 1522 unum
640 1472 683 1521 est
709 1461 888 1552 naturalenm

54 1545 237 1622 principium,
253 1545 480 1620 unaperoratio:
502 1544 616 1620 reliquae
640 1552 734 1620 partes
758 1543 839 1618 qnasi

55 1627 185 1683 membra
198 1644 249 1683 suo
262 1644 381 1705 quaeque
394 1625 458 1682 loco
471 1626 564 1682 locata
583 1643 664 1681 suam
689 1634 718 1680 et
739 1623 795 1680 vim
810 1633 839 1680 et

54 1705 226 1781 dignitatem
252 1714 358 1761 tenent.
400 1707 474 1764 Cum
497 1718 591 1762 autem
616 1703 731 1761 difficile
751 1704 787 1761 sit
807 1703 837 1761 in

53 1786 143 1862 longa
156 1785 283 1843 oratione
297 1804 353 1841 non
360 1784 520 1860 aliquando
541 1785 646 1862 aliquid
667 1785 706 1841 ita
729 1785 836 1857 dicere,

54 1876 87 1924 ut
114 1865 203 1923 sihi
196 1885 256 1942 rpse
283 1884 340 1923 non
368 1865 537 1937 conveniat·;
563 1877 670 1941 quanto
693 1864 838 1931 difficilius

55 1965 166 2018 cavere,
182 1945 299 2036 nequid
315 1945 405 2016 dicas,
428 1948 503 2022 quod
526 1966 581 2004 non
605 1945 755 2003 conveniat
776 1944 837 2020 ejus

54 2027 185 2098 orationi,
200 2028 248 2117 qui
263 2038 328 2083 ante
343 2037 370 2083 te
384 2027 504 2084 dixerit!
547 2027 605 2084 Sed
627 2025 694 2101 quia
715 2038 743 2082 et
757 2025 836 2083 labor

55 2107 144 2164 multo
171 2107 260 2184 major
284 2117 328 2164 est
354 2116 441 2164 totam
472 2126 587 2164 causam
615 2125 700 2182 quam
726 2116 836 2196 partem

55 2186 162 2258 dicere,
185 2198 214 2245 et
237 2187 304 2264 quia
324 2186 419 2263 plnres
443 2187 577 2244 ineuntur
601 2185 709 2263 gratiae,
731 2186 754 2244 si
779 2204 837 2243 uno

56 2276 182 2344 tempore
193 2267 273 2325 dicas
286 2286 337 2342 pro
350 2267 488 2342 pluribus,
503 2266 612 2325 idcirco
626 2268 702 2324 hanc
717 2284 837 2324 consue·

56 2348 188 2405 tudinem
203 2334 333 2404 lubenter
348 2346 528 2404 adscivimus.
626 2397 630 2402 .

96 2426 208 2486 LVlll.
230 2427 320 2486 Erant
344 2440 451 2517 tamen,
473 2427 575 2502 quibus
599 2427 741 2485 videretur
761 2421 887 2484 illiusno

55 2508 147 2568 etatis
161 2508 260 2566 tertius
275 2508 372 2578 Curio,
385 2507 451 2582 quia
465 2507 703 2583 splendidioribus
718 2505 835 2561 sortasse

55 2588 149 2645 verbis
178 2589 317 2660 utebatur,
345 2598 374 2644 et
405 2588 471 2663 quin
499 2587 600 2645 Latine
628 2607 685 2644 non
713 2581 835 2660 pessime

54 2669 232 2745 loquebatur,
254 2689 316 2739 usu,
340 2656 435 2737 credo,
459 2667 551 2744 aliquo
573 2665 746 2734 domestico;
768 2682 835 2721 narn

54 2749 201 2807 literarum
226 2749 376 2805 admodum
401 2748 470 2805 nihil
496 2749 612 2806 sciebat.
655 2746 713 2802 Sed
739 2744 835 2835 magni

55 2829 183 2901 interest,
197 2848 267 2904 quos
281 2829 397 2904 quisque
413 2829 509 2886 audiat
523 2827 648 2904 quotidie
670 2825 756 2897 dorni,
775 2825 836 2901 qui-

55 2909 176 2970 boscum
191 2909 320 2984 loquatur
335 2927 462 2989 apuero,
477 2904 732 2986 quemadmodum
729 2916 834 2983 patres,

254 3090 267 3117 ⁴
284 3089 443 3140 Emendation
454 3089 482 3140 ol
494 3088 635 3139 Lambinus.
