1986 3450
140 215 180 275 48
240 214 287 263 DE
310 215 435 264 CLARIS
458 214 688 272 ORATORIBUS,
705 215 774 264 Cas.
791 217 837 263 44.

140 359 233 436 inquit
246 360 369 421 Brutus:
391 362 440 418 sed
456 379 494 425 ne
507 361 543 418 de
559 360 694 420 Soaevolae
708 360 824 436 quidem
837 358 937 420 tribua

111 510 118 521 ι
140 453 209 499 natu
223 441 376 518 quidquam
392 440 533 503 audivisse
547 441 653 512 videor,
665 452 694 498 et
707 461 772 498 eum
784 441 935 518 collegarm

140 521 239 581 Crassi
253 523 338 580 credo
353 522 446 578 fuisse.
488 521 632 578 Omnibus
656 521 770 597 quidem
795 521 869 592 aliis,
885 521 937 579 in·-

140 621 236 678 quam,
251 603 279 659 iu
289 603 516 679 magistratibus,
532 603 581 658 sed
607 603 737 659 tribunus
763 621 838 658 anuo
862 614 936 677 post.

141 683 204 753 fuit,
225 702 314 758 eoque
339 684 367 739 in
393 683 490 740 rostris
514 683 631 739 sedente
658 683 747 740 suasit
771 683 930 741 Serviliam·

141 763 234 840 legem
253 765 383 820 Crassus.
425 762 502 820 Nam
530 781 681 819 censuram
703 764 765 820 siue
793 763 934 821 Scaevola

140 842 235 919 gessit.
277 841 352 899 Eum
366 843 442 900 euim
467 843 671 920 magistratum
688 862 771 900 nemo
795 862 927 918 unquam-

141 921 331 981 Soaevolarum
346 923 450 1000 petivit.
493 924 550 980 Sed
566 924 628 982 haec
652 924 749 981 Crassi
763 943 830 980 cum
843 924 928 980 edita

138 1002 228 1059 oratio
242 1013 294 1072 est,
308 1022 392 1078 qoam
407 1015 435 1061 te
449 1023 523 1079 saepe
544 1004 647 1081 legisse
669 1015 747 1061 certo
769 1003 839 1070 scio,
854 1023 934 1079 qua··

139 1091 202 1140 tuor
216 1092 244 1139 et
265 1084 381 1160 triginta
393 1095 462 1140 *tum
486 1073 608 1140 habebat
633 1103 732 1152 annos,
746 1084 925 1161 totidemque

139 1163 222 1220 annis
236 1162 306 1239 mihi
321 1176 403 1223 aetate
416 1166 575 1240 praestabat„
618 1163 673 1221 His
697 1164 773 1222 eninr
798 1165 926 1222 consuli·

138 1242 268 1301 buseam
292 1244 384 1322 legem
410 1245 508 1316 suasit,
522 1245 624 1321 quibus
648 1245 707 1301 nati
730 1263 838 1315 sumus,
853 1263 921 1302 cum

138 1322 198 1401 ipse
211 1334 286 1382 esset
298 1325 338 1387 Q.
354 1326 490 1401 Caepione
504 1325 621 1383 console
642 1336 725 1383 natus
739 1334 767 1382 et
781 1325 816 1382 C.
832 1324 931 1384 Laelio-

137 1404 260 1463 triennio
274 1405 333 1482 ipso
351 1407 441 1464 minor
462 1425 545 1482 quam
570 1406 722 1462 Antonius.
764 1404 853 1467 Quod
880 1407 931 1465 idm

139 1484 218 1543 circo
231 1487 323 1562 posui,
338 1495 378 1556 ut,
393 1487 509 1544 dicendi
531 1486 634 1542 Latine
655 1485 745 1562 prima
771 1486 923 1543 maturitas

138 1564 168 1625 in
182 1585 238 1643 qua
252 1578 334 1625 aetate
355 1568 517 1638 exstitisset,
532 1577 627 1643 posset
641 1566 751 1635 notari;
772 1577 802 1622 et
817 1566 927 1625 intelli-

137 1658 252 1722 geretur
262 1645 321 1721 jam
336 1647 371 1703 ad
386 1667 527 1704 summum
551 1665 633 1724 paene
656 1666 719 1704 esse
740 1647 922 1723 perductam,

137 1735 216 1783 uteo
237 1726 306 1782 nibil
333 1727 419 1784 ferme
444 1728 591 1803 quisquam
616 1725 721 1784 addere
743 1739 846 1803 posset,
863 1727 920 1785 nisi

136 1804 184 1880 qui
199 1823 215 1861 a
229 1806 414 1882 philosophia,
431 1808 521 1883 ajure
535 1807 621 1876 civili,
638 1808 674 1862 ab
688 1808 803 1864 historia
818 1807 929 1865 fuisset

86 1892 126 1932 1⁰2
136 1883 308 1944 instructior.
350 1885 460 1944 XLIV.
482 1887 554 1957 Erit,
570 1887 660 1961 inquit
681 1887 721 1944 M.
737 1887 852 1955 Brutus,
870 1898 928 1946 aut-

132 1962 191 2038 jam
207 1976 250 2022 est
272 1965 336 2037 iste,
351 1986 435 2043 quem
459 1976 617 2042 exspectas.
659 1967 776 2038 Nescio,
791 1969 923 2043 inquam.>

136 2044 194 2100 Sed
222 2055 266 2102 est
289 2046 375 2104 etiam
400 2047 433 2104 L.
454 2047 552 2105 Crassi
575 2045 603 2103 in
630 2049 779 2106 consulatu
798 2067 849 2124 pro
876 2047 919 2110 Q·

135 2123 288 2203 Caepione3
304 2127 471 2185 defensione
480 2128 582 2205 juncta
596 2146 652 2184 non
668 2128 759 2185 brevis
775 2140 805 2184 ut
818 2127 927 2186 lauda-

133 2204 184 2277 tio,
206 2217 238 2264 ut
257 2208 346 2266 oratio
374 2221 467 2266 autem
496 2207 605 2277 brevis3
626 2222 768 2284 postrema
787 2209 921 2266 censoris

133 2287 301 2363 oratioque
326 2306 401 2346 anno
421 2289 748 2366 duodequinquagesimo
772 2308 839 2346 usus
863 2300 918 2347 est.

133 2368 171 2428 In
197 2368 241 2426 his
267 2369 398 2426 omnibus
425 2371 499 2428 inest
524 2369 640 2447 quidam
675 2370 736 2427 sine
763 2369 820 2426 ullo
848 2369 920 2428 fuso

133 2448 259 2507 veritatis
286 2450 370 2507 color.
420 2451 502 2513 Quin
530 2451 616 2509 etiam
645 2449 861 2526 comprehensio
887 2459 922 2507 et

133 2529 256 2587 ambitus
271 2529 317 2587 ille
332 2531 490 2603 verborum,
505 2532 529 2589 si
553 2531 596 2588 sic
616 2530 764 2605 periodum
780 2529 917 2607 appellari

131 2608 235 2683 placet,
250 2620 311 2667 erat
326 2611 400 2686 apud
421 2611 501 2668 illum
525 2620 689 2670 contractus
712 2622 741 2668 et
756 2611 847 2669 brevis
857 2632 864 2682 ;
887 2622 922 2668 et

132 2687 162 2745 in
187 2691 315 2748 membra
340 2692 480 2767 quaedam,
502 2712 564 2768 quae
592 2704 657 2746 xasa
680 2691 776 2751 Graeci
801 2701 916 2759 vocant,

83 2777 121 2819 16³
132 2767 316 2844 dispertiebat
329 2771 484 2828 orationem
499 2773 650 2831 lubentius.
686 2772 753 2830 Hoc
766 2772 830 2829 loco
844 2770 923 2829 Bru·

132 2857 187 2918 tus,
201 2847 444 2928 Quandoquidem
459 2862 489 2909 tu
504 2853 571 2911 istos
585 2866 720 2924 oratores,
735 2852 837 2927 inquit,
853 2863 918 2909 tan·

131 2939 161 2988 to
180 2947 265 3005 opere
286 2929 395 3003 laudas,
416 2932 518 2989 vellem
537 2933 642 3009 aliquid
663 2933 791 2992 Antonio
811 2941 920 3008 praeter

132 3009 212 3067 illum
227 3010 263 3067 de
287 3012 396 3070 ratione
418 3012 533 3070 dicendi
556 3033 624 3071 sane
646 3014 749 3072 exilem
774 3012 919 3083 libellum,

128 3089 214 3164 plura
226 3091 332 3150 Crasso
345 3091 474 3150 libuisset
487 3093 611 3152 scribere
624 3114 631 3152 :
652 3113 717 3152 cum
731 3092 809 3151 enim
823 3093 921 3152 omni-
