1986 3450
137 231 176 289 78
237 225 283 275 DE
307 225 433 275 CLARIS
455 225 770 285 onnuonrnuscn.
788 227 828 276 72.

139 373 271 431 virtutem
285 373 403 431 oratoris
417 382 533 448 putem:
555 372 734 450 maximeque
757 372 925 431 laudandus

138 463 191 525 est,
213 455 260 530 qui
280 455 335 512 hoc
360 464 487 529 tempore
511 452 582 544 ipso,
605 472 671 510 curn
694 453 821 524 licent,
813 471 849 518 in
868 454 925 512 hoc

138 534 284 592 communi
298 544 392 592 nostro
406 545 435 590 et
455 533 538 624 quasi
561 533 639 591 fatali
661 534 736 591 mulo
760 534 925 592 consoletur

137 632 168 672 ee
191 619 258 674 cuni
282 613 459 672 conscientia
482 613 595 704 optirnae
621 613 725 671 mentis
748 623 810 670 tum
835 614 924 671 etium

137 695 321 772 usurpatione
335 703 363 750 et
380 694 561 751 renovatione
576 694 723 752 doctrinae.
759 693 830 750 Vidi
844 695 924 752 enirn

137 772 287 851 Mitylenis
301 793 392 850 nuper
406 774 508 845 virum,
524 785 618 850 etque,
633 784 664 831 ut
681 774 749 844 dixi,
765 773 823 831 uidi
835 774 924 852 plene

137 855 237 912 virum.
279 853 379 930 Ituque
395 873 460 912 curn
480 873 547 912 eum
573 863 657 911 antea
678 853 720 911 tui
734 853 868 911 *similem
894 855 922 912 iu

137 933 260 991 dicendo
288 933 418 1007 viderim,
443 945 503 992 turn
527 954 692 993 verornunc
718 953 734 991 a
754 933 924 992 doctissimo

136 1013 196 1071 viro
222 1013 339 1089 tibique,
363 1027 394 1071 ut
422 1014 558 1083 intellexi,
582 1014 756 1071 amicissimo
784 1014 924 1091 Cratippo

136 1092 306 1152 instructum
329 1095 407 1152 omni
433 1095 515 1171 copia
539 1095 629 1152 multo
649 1094 780 1151 videbam
805 1094 924 1152 similio-

86 1188 125 1228 251
136 1193 205 1235 rem.
248 1174 306 1233 Hic
320 1194 382 1252 ego,
399 1175 471 1246 Etsi,
487 1176 613 1252 inquam,
629 1175 664 1231 de
685 1174 784 1250 optimi
799 1174 853 1232 viri
875 1186 924 1233 no·

136 1254 234 1332 bisque
250 1256 415 1314 amicissimi
429 1255 562 1312 laudibus
576 1255 705 1313 lubenter
718 1254 813 1326 audio,-
824 1265 923 1313 temen

135 1356 254 1395 incurro
266 1355 294 1393 in
319 1353 484 1394 memoriam
511 1354 706 1393 communium
730 1353 922 1406 miseriarum,

134 1435 254 1492 quarum
268 1416 438 1475 oblivionem
462 1435 593 1491 quaerens
608 1415 715 1472 hunc
708 1433 814 1490 ipsum
810 1435 923 1474 sermo·

122 1515 201 1563 ,nem
229 1497 350 1575 produxi
377 1496 497 1573 longius.
541 1497 598 1554 Sed
627 1495 664 1552 de
685 1494 807 1553 Caesere
836 1496 923 1572 cupio

136 1579 236 1635 audire
238 1578 328 1654 ,quid
351 1578 466 1635 tandem
491 1570 617 1636 Atticus
629 1575 747 1652 judicet
785 1574 922 1634 LXXII

135 1655 174 1714 Et
189 1658 245 1730 ille,
261 1658 412 1729 Praeclare‚
428 1658 529 1734 inquit,
544 1657 613 1714 tibi
620 1669 744 1725 constas,
759 1665 791 1711 ut
815 1656 895 1714 de''
877 1676 922 1728 ns,

135 1737 184 1812 qui
205 1757 284 1795 nunc
308 1738 374 1804 sint,
397 1738 468 1795 nihil
492 1736 591 1794 velis
584 1757 643 1814 ipse
665 1736 782 1795 dicere:
804 1745 843 1809 et,
859 1737 924 1794 her·

136 1817 210 1888 cule,
226 1818 249 1875 si
264 1819 306 1875 sic
321 1837 429 1895 ageres,
445 1830 476 1874 ut
489 1817 525 1874 de
540 1817 574 1873 iis
598 1817 692 1894 egisti,
707 1815 756 1893 qui
774 1815 836 1891 jam
850 1837 924 1875 rnor-

97 1920 99 1924 ·
135 1897 177 1954 tui
202 1909 277 1968 sunt,
292 1898 435 1955 nerninem
458 1906 489 1954 ut
510 1897 749 1972 pretermitteres,
770 1915 815 1954 nae
840 1898 921 1956 tuin

135 1977 238 2034 multos
254 1978 408 2035 Autronios
421 1987 450 2034 et
465 1977 597 2034 Stalenos
612 1977 782 2036 incurreres.
817 1976 923 2039 Quare

135 2054 194 2114 eive
217 2058 293 2115 hanc
315 2057 426 2116 turbam
451 2057 577 2135 effugere
601 2057 724 2129 voluisti,
740 2057 798 2115 sive
813 2058 922 2117 veritus

135 2153 176 2208 es,
191 2139 349 2216 nequisse
365 2149 412 2196 aut
427 2138 600 2214 preteritum
624 2148 673 2196 aut
692 2157 750 2196 non
777 2138 847 2195 sutis
860 2138 923 2196 luu-

135 2216 233 2276 (letum
257 2219 337 2296 queri
361 2229 465 2297 posset,
489 2220 525 2276 de
547 2219 662 2278 Caesare
684 2229 780 2276 tamen
803 2219 921 2294 potuisti

135 2297 242 2371 dicere,
256 2301 412 2377 praesertim
428 2320 493 2357 cunr
509 2310 538 2357 et
551 2312 630 2357 tuurn
651 2299 687 2355 de
713 2299 788 2356 illius
803 2298 922 2375 ingenio

135 2380 313 2439 notissimum
325 2380 467 2456 judicium
481 2391 555 2438 esset
577 2399 632 2437 nec
654 2379 729 2435 illius
747 2379 784 2436 de
807 2390 858 2436 tuo
871 2381 922 2437 ob·

85 2475 260 2521 neuscurum.
303 2462 360 2519 Sed
382 2472 489 2532 tamen,
504 2461 601 2530 Brute,
627 2459 719 2534 inquit
741 2460 867 2530 Atticus,
883 2461 922 2518 de

136 2542 252 2601 Caesnre
266 2551 294 2600 et
308 2543 367 2619 ipse
382 2542 422 2599 ita
432 2542 541 2618 judico,
556 2549 584 2596 et
608 2540 644 2596 de
666 2540 721 2597 hoc
735 2539 819 2616 hujus
833 2559 922 2616 gene-

136 2621 175 2678 ris
197 2623 336 2681 acerrimo
359 2622 529 2681 aestimatore
552 2619 707 2696 saepissime
733 2620 818 2678 audio
838 2620 920 2678 illurn

135 2703 263 2762 omniurn
278 2705 337 2762 sere
350 2711 491 2760 oratorum
515 2701 618 2758 Latine
644 2699 719 2775 loqui
740 2700 922 2776 elegantissi-

135 2798 199 2850 me;
221 2802 275 2842 nec
300 2785 328 2842 id
350 2782 439 2840 solum
468 2781 625 2838 domestica
645 2781 864 2849 consuetudine,
888 2794 922 2839 ut

136 2860 244 2920 dudum
258 2865 293 2921 de
308 2863 459 2922 Laeliorum
473 2871 502 2918 et
516 2861 679 2919 Muciorum
693 2862 807 2919 familiis
822 2862 922 2919 nudie·

136 2941 247 3015 bamus,
262 2944 322 3015 sed,
337 2961 508 3021 quemquam
524 2943 552 2998 id
574 2961 686 3018 quoque
710 2942 797 3000 credo
818 2942 920 3014 luisse,

134 3031 242 3093 temen,
256 3034 287 3080 ut
300 3036 374 3083 esset
387 3023 513 3101 perfecta
528 3023 575 3080 illa
598 3023 671 3081 bene
695 3021 830 3100 loquendi
845 3024 919 3094 laus,

132 3104 229 3162 multis
242 3102 332 3162 literis
343 3115 373 3163 et
386 3105 421 3164 iis
435 3103 550 3184 quidem
561 3103 717 3164 reconditis
727 3113 757 3164 et
767 3103 919 3180 exquisitis
