1986 3450
165 200 212 249 DE
233 201 359 251 CLARIS
381 201 845 265 ORATOR1BUS,cn.a.3

66 344 241 405 auctoritatis
275 347 360 405 armis
393 365 478 425 egere
509 367 569 407 rem
584 346 845 428 publicamque

66 424 223 484 didiceram
237 436 371 493 tractare,
380 428 541 518 quibusque
556 447 601 486 me
623 428 842 502 assuefeceram,

65 524 184 581 quaeque
198 519 281 565 erant
294 508 405 585 propria
430 528 495 566 cum
515 508 675 586 praestantis
699 508 729 565 iu
750 527 780 566 re
793 528 845 585 pu·

64 584 186 643 blica
162 587 214 645 vrri
234 599 296 646 tum
311 589 383 646 bene
397 599 512 648 moratae
534 599 563 648 et
587 590 660 647 bene
684 588 844 647 constitute

65 663 198 728 civitatis.
239 668 327 730 Quod
356 669 379 726 si
407 668 492 727 luit
486 689 514 726 ru
542 689 572 729 re
594 669 710 746 publica
734 679 845 745 tempus

65 745 165 819 ullum,
187 769 253 807 cum
275 759 438 825 extorquere
458 768 537 808 arma
557 761 652 827 posset
675 769 692 808 e
713 748 846 811 manibus

64 825 203 886 iratorum
218 828 321 887 civium
337 829 404 888 boni
428 829 499 888 civis
524 830 677 889 auctoritas
698 840 727 887 et
745 828 845 901 oratio,

64 917 127 966 tum
141 908 267 984 prolecto
281 910 342 978 fuit,
358 929 425 968 cum
437 910 626 1002 patrocinium
650 909 729 987 pacis
750 909 847 969 exclu-

64 988 130 1046 suni
145 999 189 1046 est
200 1000 248 1048 aut
261 1009 354 1048 errore
369 991 516 1051 hominum
528 1000 577 1048 aut
589 991 699 1050 timore
740 989 787 1048 Ita
797 1008 869 1050 uo⁴s

64 1067 198 1126 bismet
187 1071 259 1147 ipsis
273 1070 390 1143 accidit,
405 1080 436 1127 ut
438 1090 631 1147 ,quamquam
649 1081 745 1129 essent
758 1069 847 1129 multo

65 1148 158 1225 magis
173 1150 228 1208 alia
241 1150 375 1228 lugenda,
394 1163 490 1208 tamen
510 1152 564 1210 hoc
577 1152 746 1222 doleremus,
760 1150 846 1226 quod,

63 1247 122 1305 quo
149 1239 275 1308 tempore
297 1242 366 1289 aetas
389 1244 486 1289 nostra
506 1231 658 1308 perfuncta
681 1232 766 1290 rebus
789 1248 848 1287 am·

64 1307 200 1386 piissimis
213 1323 356 1387 tamquam
373 1311 402 1369 in
416 1321 528 1387 portum
542 1312 698 1402 confugere
720 1310 847 1382 deberet,

65 1409 123 1447 nou
134 1390 243 1450 inertiae
259 1411 349 1483 neque
359 1391 475 1450 desidiae
487 1392 536 1449 sed
551 1392 602 1449 otu
611 1389 749 1448 moderati
764 1400 848 1465 atque

66 1469 179 1528 honesti
182 1490 326 1547 ,cumque
340 1472 402 1547 ipsa
415 1471 506 1530 oratio
524 1470 583 1546 jam
604 1480 700 1529 nostra
714 1487 848 1527 canesce-

65 1563 110 1609 ret
133 1551 307 1626 haberetque
331 1569 412 1608 suam
437 1551 583 1627 quandam
606 1550 799 1609 maturitatem
820 1559 850 1608 et

65 1630 149 1707 quusi
170 1640 367 1702 senectutem
388 1639 448 1688 tum
474 1649 552 1689 arma
576 1641 643 1689 suut
665 1649 700 1689 ea
726 1637 848 1706 sumpta,

64 1710 170 1787 quibus
185 1709 255 1768 illi
248 1709 311 1786 rpsi,
333 1709 381 1785 qui
403 1711 563 1770 didicerant
585 1711 627 1769 eis
652 1711 693 1770 uti
716 1709 848 1802 gloriose,

65 1789 307 1882 quemadmodum
321 1791 480 1850 salutariter
494 1801 649 1863 uterentur,
661 1811 718 1849 non
729 1790 850 1868 reperie-

67 1871 145 1930 bant
175 1870 307 1961 ltaque
289 1891 308 1928 ιι
323 1871 394 1928 mibi
409 1873 538 1931 videntur
554 1873 696 1931 fortunate
710 1872 871 1962 beatequea

67 1951 171 2010 vixisse
185 1970 252 2010 cum
268 1951 297 2009 in
312 1952 415 2010 ceteris
430 1953 592 2011 civitatibus
606 1964 666 2010 tum
680 1951 804 2013 maxime
818 1951 849 2009 in

66 2042 172 2103 nostra,
184 2032 290 2107 quibus
304 2052 370 2090 cum
393 2033 562 2092 auctoritate
585 2051 735 2107 rerumque
757 2040 850 2108 gesta·

66 2131 131 2171 rum
158 2111 329 2189 gloriatum
351 2112 437 2171 etiam
462 2112 608 2190 sapientie
635 2113 720 2171 laude
743 2111 850 2202 perfrui

66 2192 158 2252 licuit.
198 2191 331 2254 Quorum
346 2194 483 2252 memoria
496 2203 525 2250 et
546 2191 748 2251 recordationi
762 2190 850 2251 maxi·

67 2273 124 2332 mis
150 2273 254 2331 nostris
274 2273 503 2353 gravissimisque
526 2273 603 2331 curis
624 2273 754 2350 jucunda
780 2289 850 2330 saue

68 2353 132 2424 fuit,
157 2372 223 2411 cum
248 2353 277 2411 iu
305 2372 369 2411 eam
397 2372 486 2432 nuper
513 2372 549 2411 ex
570 2373 700 2412 sermone
726 2352 850 2440 quodam

68 2399 277 2493 incidissemus.
320 2432 378 2492 Ill.
399 2433 477 2492 Nam
502 2451 568 2492 cum
593 2428 826 2493 inambularem
819 2447 886 2491 rum

68 2524 151 2590 xysto
164 2523 193 2571 et
206 2532 299 2571 essem
312 2512 420 2573 otiosus
440 2513 526 2585 domi,
548 2514 591 2572 M.
607 2515 642 2572 ad
667 2533 713 2572 ruo
734 2512 850 2583 Brutus,

67 2604 102 2654 ut
136 2605 331 2666 consueverat,
360 2614 426 2653 cum
460 2593 498 2654 Τ
522 2593 690 2686 Pomponio
724 2599 851 2664 venerat,

67 2672 202 2734 homiues
222 2693 287 2732 cum
313 2675 386 2733 inter
410 2695 442 2733 se
463 2675 610 2751 conjuncti
637 2685 697 2732 tum
722 2671 791 2731 mihi
812 2671 852 2731 itu

68 2753 132 2814 cari
154 2753 395 2830 itaquejucuudi‚
418 2766 567 2839 uteorum
590 2755 727 2830 adspectu
748 2752 852 2824 omnis,

67 2855 133 2911 quae
148 2853 194 2892 me
209 2834 340 2910 angebat,
354 2837 391 2894 de
409 2829 571 2913 republica
591 2852 662 2893 cura
682 2832 851 2893 consederit.

67 2915 153 2978 Quos
187 2924 335 2991 postquam
363 2916 493 2989 salutavi,
523 2915 605 2978 Quid
639 2932 697 2986 vos,
725 2915 851 2990 inquam,

69 2995 159 3055 Brute
183 3005 212 3052 et
247 2994 355 3067 Attice,
389 2998 487 3056 nuncl
515 2996 583 3072 quid
617 2995 732 3053 tandem
763 2990 851 3052 uovil

69 3075 152 3137 Nihil
165 3094 246 3149 saue,
267 3074 360 3152 iuquit
379 3077 495 3153 Brutus,
520 3075 596 3152 quod
616 3074 734 3152 quidem
752 3080 804 3131 aut
820 3078 858 3129 tu
