1986 3450
49 248 55 262 .
133 216 190 276 lot
231 213 277 263 nr:
300 211 426 262 essars
450 211 679 270 censorinus,
695 211 765 261 cn.
781 213 823 261 cc.

132 360 191 419 bito
204 368 233 418 et
245 359 404 430 obmutuit;
426 377 494 418 cum
507 359 571 436 lege
586 356 722 436 Pompeia
735 357 827 416 ternis
841 357 920 416 horis

133 441 338 501 addicendum
352 441 426 498 datis
441 439 476 496 ad
499 458 602 497 causas
622 439 782 497 simillimas
797 439 872 497 inter
889 457 920 498 sc

126 522 176 586 ,vel
190 521 285 599 potius
295 521 410 582 easdem
422 520 488 578 novi
498 518 684 579 veniebamus
694 519 839 596 quotidie:
858 519 922 594 qui·

133 602 187 662 bus
200 602 315 678 quidem
330 601 426 661 causis
440 611 471 659 tu
485 599 582 672 etiam,
597 601 696 671 Brute,
711 610 814 677 praesto
828 599 919 672 suisti,

122 683 350 760 compluresque
371 692 401 738 et
423 681 574 740 nobiscum
595 692 625 738 et
648 681 725 740 solus
746 680 852 758 egisti:
876 691 919 752 ut,

131 763 182 841 qui
196 782 253 821 non
267 763 335 820 satis
349 761 399 820 diu
413 761 514 821 vixerit
528 760 712 832 Hortensius,
726 772 824 818 tamen
839 760 921 820 hunc

133 860 249 905 cursum
274 841 440 901 confecerit
482 842 578 901 Annis
601 854 667 900 ante
688 807 791 900 decem
814 858 921 900 causas

133 941 218 1002 agere
232 923 328 999 coepit,
343 941 428 998 quam
442 932 474 981 tu
488 941 520 980 es
542 931 642 981 natus:
665 923 741 980 idem
765 932 870 998 quarto
893 931 921 980 et

132 1002 312 1081 sexagesimo
326 1022 402 1061 anno
415 1002 566 1080 perpaucis
590 1013 656 1061 ante
678 1014 798 1061 mortem
816 1002 921 1061 diebus

133 1101 192 1142 una
205 1095 301 1142 tecum
316 1100 448 1156 socerum
462 1094 543 1142 tuum
558 1083 687 1142 defendit
701 1081 855 1159 Appium(
870 1081 921 1143 Di·

134 1164 221 1222 cendi
237 1173 332 1223 autern
347 1184 440 1242 genus
454 1165 528 1241 quod
551 1164 667 1223 fuerit
661 1160 690 1221 ιη
713 1176 845 1238 utroque,
859 1182 922 1220 ora·

132 1243 226 1304 tiones
236 1245 383 1321 utriusque
397 1245 483 1304 etiam
496 1245 614 1322 posteris
625 1244 727 1303 nostris
738 1243 920 1303 indicabunt

84 1340 123 1381 sss
173 1325 268 1386 XCV.
291 1326 349 1384 Sed
363 1326 388 1383 si
401 1327 565 1403 quaerimus,
578 1345 630 1394 cur
645 1325 815 1383 adolescens
829 1324 921 1402 magia

134 1404 261 1466 floruerit
274 1406 400 1464 dicendo
411 1425 497 1484 quant
512 1406 606 1464 senior
620 1405 804 1472 Hortensius,
817 1423 922 1464 causas

99 1511 101 1522 ¹
134 1487 308 1563 reperiemus
323 1488 484 1545 verissimas
500 1486 587 1545 duas.
607 1487 609 1492 ⁴
629 1485 768 1556 Primum,
782 1486 860 1560 quod
874 1505 922 1564 ge·

133 1580 189 1627 nus
202 1579 264 1625 eret
277 1567 414 1626 orationis
429 1567 590 1626 Asiaticum
614 1565 815 1624 adolescentiae
829 1566 922 1643 magis

134 1666 304 1706 concessum
318 1666 404 1724 quarn
418 1649 570 1706 senectuti.
613 1647 728 1704 Genera
744 1656 841 1704 autem
857 1646 922 1705 Asi·

136 1727 219 1786 aticae
233 1727 366 1785 dictionis
380 1729 438 1787 duo
451 1740 535 1798 sunt;
557 1747 647 1787 unum
668 1726 881 1785 sententiosum
895 1736 923 1784 et

136 1818 279 1885 argutum,
294 1808 444 1866 sententiis
457 1827 515 1866 non
529 1818 588 1866 tam
609 1807 745 1886 gravibus
769 1817 798 1864 et
812 1807 920 1865 severis

136 1907 223 1965 quam
248 1888 398 1945 concinnis
418 1897 447 1945 et
462 1888 726 1964 -venustis;,qualis
748 1887 777 1944 in
802 1887 923 1945 historia

136 1967 278 2037 Timaeus,
291 1966 321 2023 in
336 1966 459 2025 dicendo
474 1979 569 2026 autern
593 1968 689 2044 pueris
713 1967 796 2026 nobis
821 1967 923 2026 Hiero·

136 2046 196 2105 cles
223 2045 421 2118 Alabandeus,
436 2047 529 2124 magis
549 2048 635 2106 etiarn
661 2047 811 2106 Menecles
836 2049 923 2107 frater

136 2126 199 2205 ejus
223 2125 296 2197 suit;
317 2146 438 2203 quorum
464 2128 611 2205 utriusque
634 2128 868 2187 orationessunt
892 2129 921 2187 in

135 2207 279 2286 primisut
293 2208 425 2268 Asiatico
435 2207 467 2266 in
492 2228 598 2286 genere
621 2208 788 2268 laudabiles.
832 2209 923 2269 Aliud

138 2298 234 2348 autern
248 2307 339 2366 genus
352 2299 396 2346 est
410 2306 467 2347 non
479 2300 537 2347 tam
549 2289 698 2348 sententiis
709 2288 922 2364 frequentatum

137 2388 222 2447 quam
237 2369 330 2427 verbis
343 2369 459 2427 volucre
484 2379 568 2447 atque
590 2370 760 2438 incitatum3
781 2370 861 2445 quali
880 2379 923 2429 est

93 2505 96 2509 ,
137 2470 218 2511 nunc
232 2449 304 2509 Asia
318 2459 377 2507 tota
391 2469 446 2508 nec
460 2447 578 2510 flumine
592 2451 684 2508 solum
708 2450 847 2508 orationis
872 2451 923 2509 sed

63 2572 66 2579 -
137 2533 224 2591 etiam
246 2541 383 2589 exornato
407 2542 436 2589 et
459 2530 553 2589 laceto
576 2549 682 2609 genere
700 2530 871 2602 verborum3
893 2531 922 2590 in

138 2630 195 2688 quo
209 2611 263 2671 suit
276 2611 433 2687 AEschylus
446 2610 569 2669 Cnidius
587 2625 615 2669 et
640 2630 722 2669 meus
736 2612 853 2687 aeqnalis
868 2610 923 2671 Mi·

138 2689 227 2750 lesius
247 2691 411 2754 AEschines.
452 2692 488 2750 In
511 2692 556 2749 his
577 2701 638 2749 erat
662 2691 838 2750 admirabilis
861 2711 923 2751 ora·

139 2770 226 2829 tionis
252 2791 364 2843 cursus,
385 2781 487 2829 ornata
508 2771 715 2832 sententiarum
740 2773 923 2831 concinnitas

90 2862 129 2905 ses
140 2869 198 2910 non
212 2862 281 2909 erat.
322 2852 396 2911 Haec
414 2862 520 2922 autem,
536 2860 567 2910 ut
590 2851 659 2923 dixi,
674 2870 782 2930 genera
804 2853 922 2911 dicendi

140 2932 249 3010 aptiora
261 2944 330 2991 sunt
343 2931 591 3000 adolescentibus3
613 2932 643 2991 in
665 2932 784 2991 senibus
800 2933 923 3010 gravitu

139 3025 197 3072 tem
212 3030 270 3071 non
284 3013 399 3072 babent.
440 3011 541 3088 ltaque
555 3013 728 3072 Hortensius
741 3023 862 3089 utroque
875 3032 923 3091 ge·

139 3113 209 3155 nare
222 3092 326 3153 florens
338 3094 479 3154 clamores
493 3093 618 3154 faciebat
638 3093 817 3155 adolescens.
860 3094 921 3156 Ha·
