1986 3450
133 219 173 279 84
232 219 279 268 DE
302 218 428 268 CLARIS
450 217 680 276 ORATORIBUS,
696 218 767 266 Car.
783 219 825 266 78.

134 365 246 442 collega
259 379 288 424 et
299 365 449 424 familiaris
463 383 563 434 meus3
585 365 634 422 bic
653 364 713 441 jam
735 374 764 422 et
778 363 849 421 satis
865 370 924 421 stu·

134 445 230 515 diosus
244 460 272 505 et
286 446 368 504 valde
380 464 445 503 cum
460 446 561 503 doctus
572 455 632 502 tum
646 446 732 503 etiam
746 445 924 502 exercitatus

134 541 229 584 orator
243 539 272 585 et
286 547 352 584 cum
368 525 512 602 auguralis
525 537 593 582 tum*
609 527 703 583 omnis
718 526 827 602 publici
849 523 923 600 juris

135 607 366 683 antiquitatisque
394 619 497 664 nostrae
532 607 605 663 bene
638 605 746 682 peritus
773 604 835 662 luit.
888 603 921 662 L.

31 732 34 743 .
135 686 279 745 Domitius
294 687 372 744 nulla
396 685 443 743 ille
458 686 573 762 quidem
596 696 656 744 arte
679 686 728 744 sed
752 686 859 745 Latine
874 696 923 742 ta·

85 779 201 824 atamen
229 779 258 824 et
285 767 374 823 multa
407 785 475 824 cum
507 767 640 826 libertate
673 767 807 824 dicebat.'
855 765 922 824 Duo

133 859 272 923 praterea
299 846 416 905 Lentuli
444 848 619 917 consulares,
646 867 765 923 quorum
799 847 922 905 Publius

135 926 193 998 ille,
207 938 368 984 nostrarum
384 927 560 1004 injuriarum
584 928 669 1000 ultor,
684 939 784 986 auctor
809 927 921 997 salotis,

134 1006 271 1081 quidquid
284 1008 392 1078 habuit,
404 1020 657 1085 quantumcunque
673 1008 734 1080 luit,
746 1008 816 1066 illud
828 1018 921 1067 totum

136 1087 235 1144 habuit
257 1106 292 1145 ex
314 1089 482 1179 disciplina:
504 1090 694 1146 instrumenta
722 1100 831 1148 naturae
856 1089 922 1147 dee-

135 1178 221 1225 rant
240 1168 290 1225 sed
305 1179 401 1226 tantus
416 1169 504 1226 animi
519 1170 651 1260 splendor
665 1179 708 1229 et
716 1181 797 1227 tanta
810 1170 922 1248 magni·

135 1249 213 1331 tudo,
228 1258 259 1306 ut
282 1249 336 1306 sibi
360 1250 542 1326 omniaque
564 1251 709 1308 clarorum
732 1251 857 1317 virorum
880 1270 921 1308 es·

135 1342 209 1402 sent,
242 1349 300 1387 non
334 1329 499 1410 dubitaret
511 1331 681 1401 adsciscere,
714 1348 806 1406 eaque
840 1330 920 1388 omni

135 1410 273 1488 dignitate
295 1410 449 1468 obtineret.
500 1410 533 1468 L.
546 1422 651 1468 autem
681 1409 823 1468 Lentulus
851 1411 921 1468 sutis

32 1498 35 1503 '
135 1504 196 1549 erat
211 1492 289 1549 sortis
304 1501 407 1563 orator,
423 1512 447 1549 sr
439 1491 545 1548 modo
569 1501 678 1561 orator;
700 1492 750 1548 sed
772 1490 921 1567 cogitandi

136 1589 192 1628 non
208 1572 317 1628 ferebat
339 1572 474 1630 laborem.
517 1572 581 1630 Vox
607 1591 724 1643 canora,
751 1572 837 1628 verba
863 1591 920 1630 non

135 1650 250 1708 horrida
274 1670 355 1722 sane,
378 1666 408 1709 ut
432 1653 516 1728 plena
537 1663 612 1708 esset
640 1652 727 1709 animi
750 1664 778 1708 et
803 1654 921 1711 terroris

134 1730 232 1788 oratio.
262 1731 429 1792 *Quaereres
444 1733 471 1790 in
483 1731 601 1809 judiciis
615 1732 731 1789 sortasse
747 1731 870 1803 melius;
891 1733 919 1790 in

85 1827 165 1868 more
187 1809 313 1887 publica,
328 1813 487 1886 quoderat,
502 1832 565 1870 esse
584 1812 729 1888 judicares
751 1813 828 1871 satis.
874 1811 921 1871 Ne

134 1890 172 1949 Τ.
184 1892 299 1966 quidem
315 1890 478 1948 Postumius
492 1893 720 1950 contemnendus
735 1892 921 1952 indicendo:

135 1971 171 2028 de
186 1990 216 2028 re
233 1970 349 2047 publica
368 1990 434 2028 vero
448 1991 506 2028 non
529 1973 623 2030 minus
648 1975 803 2031 vehemens
824 1987 921 2032 orator

118 2070 219 2125 ‘quam
236 2050 352 2127 bellator
367 2051 436 2110 suit:
458 2052 613 2110 effrenatus
635 2064 663 2111 ot
678 2073 743 2111 acer
758 2054 855 2126 nimis,
870 2055 921 2112 sed

135 2129 236 2188 bene
226 2131 298 2206 Juris
320 2131 428 2208 publici
450 2130 529 2210 leges
554 2145 638 2209 atque
662 2134 792 2192 instituta
815 2154 922 2257 cogno·

134 2221 221 2270 verat.
663 2242 667 2249 x

174 2292 241 2351 Hoc
255 2293 319 2351 loco
333 2294 459 2366 Atticus,
474 2294 608 2353 Putarem
631 2305 669 2367 te,
692 2295 793 2371 inquit,
808 2251 921 2352 ambiti-

134 2393 215 2432 osum
230 2394 302 2448 esse,
318 2374 352 2444 sl,
367 2387 398 2432 ut
412 2341 519 2446 diriisti,
534 2377 565 2444 ii,
579 2392 650 2452 quos
670 2376 780 2453 jamdiu
795 2375 920 2452 colligis,

135 2455 270 2513 viverent.
310 2453 421 2512 Omnes
448 2457 526 2513 enim
548 2475 763 2527 commemoras,
785 2456 832 2532 qui
856 2456 920 2514 ausi

136 2535 289 2610 aliquando
303 2548 369 2592 sunt
383 2547 491 2594 stantes
506 2537 591 2612 loqui,
607 2548 636 2593 ut
661 2537 732 2594 mihi
754 2535 921 2612 imprudens

136 2612 176 2672 M
200 2616 352 2675 Servilium
379 2617 549 2708 prateriisse
576 2617 699 2675 videare.
738 2616 918 2676 LXXVIII

84 2711 124 2752 mc
135 2692 355 2787 Non,1nq'uam,
369 2715 423 2773 ego
438 2698 511 2754 istuc
526 2697 636 2773 ignoro,
651 2697 799 2774 Pomponi,
815 2696 921 2755 multos

135 2773 221 2831 fuisse
224 2796 293 2852 ,qur
286 2775 422 2834 verbum
439 2795 584 2851 nunquam
599 2777 628 2833 in
642 2778 758 2852 publico
771 2776 922 2850 fecissent,

135 2873 202 2912 cum
217 2821 317 2914 rbelius
331 2855 475 2931 aliquanto
488 2866 603 2932 possent
616 2876 703 2932 quam
722 2857 770 2914 isti
781 2870 921 2929 oratores,

135 2953 205 3012 quos
230 2935 344 3012 colligo,
369 2937 483 2994 dicere:
514 2937 562 2992 sed
587 2937 631 2994 his
659 2939 924 2996 commemorandis

135 3016 222 3075 etiam
243 3015 312 3074 illud
335 3035 478 3094 assequor,
494 3027 525 3074 ut
548 3017 713 3095 intelligatis
733 3017 869 3094 primum,
884 3038 921 3077 ex

125 3096 214 3156 omui
227 3115 348 3156 numero
360 3116 446 3174 quam
460 3115 518 3157 uon
542 3097 623 3156 multi
645 3099 707 3157 ausi
727 3097 786 3157 sint
807 3098 922 3170 dicere,
