<?xml version="1.0" encoding="UTF-8"?>
<!DOCTYPE html PUBLIC "-//W3C//DTD XHTML 1.0 Transitional//EN"
    "http://www.w3.org/TR/xhtml1/DTD/xhtml1-transitional.dtd">
<html xmlns="http://www.w3.org/1999/xhtml" xml:lang="en" lang="en">
 <head>
  <title>
</title>
<meta http-equiv="Content-Type" content="text/html;charset=utf-8" />
  <meta name='ocr-system' content='tesseract 3.04.00' />
  <meta name='ocr-capabilities' content='ocr_page ocr_carea ocr_par ocr_line ocrx_word'/>
</head>
<body>
  <div class='ocr_page' id='page_1' title='image "./declarisoratori00cicegoog_0066.png"; bbox 0 0 1986 3450; ppageno 0'>
   <div class='ocr_carea' id='block_1_1' title="bbox 101 198 880 291">
    <p class='ocr_par' dir='ltr' id='par_1_1' title="bbox 101 198 880 291">
     <span class='ocr_line' id='line_1_1' title="bbox 101 198 880 291; baseline 0.001 -41"><span class='ocrx_word' id='word_1_1' title='bbox 101 277 106 291; x_wconf 34' lang='lat'><strong><em>¹</em></strong></span> <span class='ocrx_word' id='word_1_2' title='bbox 192 200 239 250; x_wconf 84' lang='lat' dir='ltr'>DE</span> <span class='ocrx_word' id='word_1_3' title='bbox 260 199 385 249; x_wconf 81' lang='lat' dir='ltr'>CLARIS</span> <span class='ocrx_word' id='word_1_4' title='bbox 408 198 778 258; x_wconf 73' lang='lat' dir='ltr'>oRATottlBUs‚cr1›.4a.</span> <span class='ocrx_word' id='word_1_5' title='bbox 838 201 880 261; x_wconf 74' lang='grc'>49</span> 
     </span>
    </p>
   </div>
   <div class='ocr_carea' id='block_1_2' title="bbox 90 345 950 3150">
    <p class='ocr_par' dir='ltr' id='par_1_2' title="bbox 93 345 926 1946">
     <span class='ocr_line' id='line_1_2' title="bbox 98 345 877 423; baseline -0.004 -17"><span class='ocrx_word' id='word_1_6' title='bbox 98 347 151 406; x_wconf 89' lang='lat' dir='ltr'>bus</span> <span class='ocrx_word' id='word_1_7' title='bbox 164 346 328 405; x_wconf 83' lang='lat' dir='ltr'>memoriam</span> <span class='ocrx_word' id='word_1_8' title='bbox 342 347 459 405; x_wconf 89' lang='lat' dir='ltr'>snitum</span> <span class='ocrx_word' id='word_1_9' title='bbox 473 346 559 404; x_wconf 86' lang='lat' dir='ltr'>etiam</span> <span class='ocrx_word' id='word_1_10' title='bbox 569 345 749 423; x_wconf 80' lang='lat' dir='ltr'>disciplinam</span> <span class='ocrx_word' id='word_1_11' title='bbox 760 345 877 405; x_wconf 89' lang='lat' dir='ltr'>dicendi</span> 
     </span>
     <span class='ocr_line' id='line_1_3' title="bbox 98 426 877 502; baseline -0.003 -16"><span class='ocrx_word' id='word_1_12' title='bbox 98 427 179 486; x_wconf 91' lang='lat' dir='ltr'>nobis</span> <span class='ocrx_word' id='word_1_13' title='bbox 205 427 393 502; x_wconf 82' lang='lat' dir='ltr'>reliquissent</span> <span class='ocrx_word' id='word_1_14' title='bbox 434 426 511 484; x_wconf 88' lang='lat' dir='ltr'>Nam</span> <span class='ocrx_word' id='word_1_15' title='bbox 531 426 665 486; x_wconf 82' lang='lat' dir='ltr'>Scaevolae</span> <span class='ocrx_word' id='word_1_16' title='bbox 686 426 802 485; x_wconf 83' lang='lat' dir='ltr'>dicendi</span> <span class='ocrx_word' id='word_1_17' title='bbox 820 426 877 485; x_wconf 86' lang='lat' dir='ltr'>ele·</span> 
     </span>
     <span class='ocr_line' id='line_1_4' title="bbox 97 506 875 585; baseline 0.001 -21"><span class='ocrx_word' id='word_1_18' title='bbox 97 507 223 585; x_wconf 75' lang='lat' dir='ltr'>gantiam</span> <span class='ocrx_word' id='word_1_19' title='bbox 250 508 318 564; x_wconf 90' lang='lat' dir='ltr'>satis</span> <span class='ocrx_word' id='word_1_20' title='bbox 339 527 375 565; x_wconf 85' lang='lat' dir='ltr'>err</span> <span class='ocrx_word' id='word_1_21' title='bbox 396 506 431 565; x_wconf 88' lang='lat' dir='ltr'>iis</span> <span class='ocrx_word' id='word_1_22' title='bbox 453 507 636 580; x_wconf 87' lang='lat' dir='ltr'>orationibus,</span> <span class='ocrx_word' id='word_1_23' title='bbox 659 526 729 584; x_wconf 86' lang='lat' dir='ltr'>quas</span> <span class='ocrx_word' id='word_1_24' title='bbox 754 507 875 584; x_wconf 83' lang='lat' dir='ltr'>reliquit,</span> 
     </span>
     <span class='ocr_line' id='line_1_5' title="bbox 97 586 926 665; baseline -0.011 -19"><span class='ocrx_word' id='word_1_25' title='bbox 97 589 235 647; x_wconf 88' lang='lat' dir='ltr'>habemus</span> <span class='ocrx_word' id='word_1_26' title='bbox 263 588 416 665; x_wconf 82' lang='lat' dir='ltr'>cognitam.</span> <span class='ocrx_word' id='word_1_27' title='bbox 467 587 505 644; x_wconf 87' lang='lat' dir='ltr'>Et</span> <span class='ocrx_word' id='word_1_28' title='bbox 529 607 592 664; x_wconf 85' lang='lat' dir='ltr'>ego,</span> <span class='ocrx_word' id='word_1_29' title='bbox 618 586 691 644; x_wconf 88' lang='lat' dir='ltr'>Mihi</span> <span class='ocrx_word' id='word_1_30' title='bbox 718 586 832 662; x_wconf 90' lang='lat' dir='ltr'>quidem</span> <span class='ocrx_word' id='word_1_31' title='bbox 858 598 926 644; x_wconf 77' lang='lat' dir='ltr'>amr</span> 
     </span>
     <span class='ocr_line' id='line_1_6' title="bbox 96 667 875 746; baseline -0.001 -21"><span class='ocrx_word' id='word_1_32' title='bbox 96 669 217 746; x_wconf 90' lang='lat' dir='ltr'>pueritia</span> <span class='ocrx_word' id='word_1_33' title='bbox 230 669 311 744; x_wconf 90' lang='lat' dir='ltr'>quasi</span> <span class='ocrx_word' id='word_1_34' title='bbox 336 668 470 744; x_wconf 87' lang='lat' dir='ltr'>magistra</span> <span class='ocrx_word' id='word_1_35' title='bbox 493 668 555 736; x_wconf 89' lang='lat' dir='ltr'>fuit,</span> <span class='ocrx_word' id='word_1_36' title='bbox 572 667 696 743; x_wconf 89' lang='lat' dir='ltr'>inquam,</span> <span class='ocrx_word' id='word_1_37' title='bbox 712 667 761 724; x_wconf 88' lang='lat' dir='ltr'>illa</span> <span class='ocrx_word' id='word_1_38' title='bbox 785 667 814 724; x_wconf 91' lang='lat' dir='ltr'>in</span> <span class='ocrx_word' id='word_1_39' title='bbox 836 667 875 724; x_wconf 92' lang='lat' dir='ltr'>le·</span> 
     </span>
     <span class='ocr_line' id='line_1_7' title="bbox 95 747 875 826; baseline -0.001 -20"><span class='ocrx_word' id='word_1_40' title='bbox 95 768 160 826; x_wconf 89' lang='lat' dir='ltr'>gem</span> <span class='ocrx_word' id='word_1_41' title='bbox 176 747 320 824; x_wconf 67' lang='lat' dir='ltr'>Caepionis</span> <span class='ocrx_word' id='word_1_42' title='bbox 333 748 431 819; x_wconf 90' lang='lat' dir='ltr'>oratio,</span> <span class='ocrx_word' id='word_1_43' title='bbox 446 749 475 805; x_wconf 91' lang='lat' dir='ltr'>in</span> <span class='ocrx_word' id='word_1_44' title='bbox 488 767 543 824; x_wconf 89' lang='lat' dir='ltr'>qna</span> <span class='ocrx_word' id='word_1_45' title='bbox 554 758 583 804; x_wconf 90' lang='lat' dir='ltr'>et</span> <span class='ocrx_word' id='word_1_46' title='bbox 594 748 747 806; x_wconf 86' lang='lat' dir='ltr'>auctoritas</span> <span class='ocrx_word' id='word_1_47' title='bbox 757 757 875 805; x_wconf 89' lang='lat' dir='ltr'>ornatur</span> 
     </span>
     <span class='ocr_line' id='line_1_8' title="bbox 95 827 875 904; baseline -0.004 -17"><span class='ocrx_word' id='word_1_48' title='bbox 95 838 222 899; x_wconf 86' lang='lat' dir='ltr'>senatus,</span> <span class='ocrx_word' id='word_1_49' title='bbox 236 848 291 904; x_wconf 90' lang='lat' dir='ltr'>quo</span> <span class='ocrx_word' id='word_1_50' title='bbox 303 847 352 904; x_wconf 93' lang='lat' dir='ltr'>pro</span> <span class='ocrx_word' id='word_1_51' title='bbox 365 830 463 886; x_wconf 86' lang='lat' dir='ltr'>ordine</span> <span class='ocrx_word' id='word_1_52' title='bbox 484 829 531 886; x_wconf 92' lang='lat' dir='ltr'>illa</span> <span class='ocrx_word' id='word_1_53' title='bbox 556 828 699 900; x_wconf 87' lang='lat' dir='ltr'>dicuntur,</span> <span class='ocrx_word' id='word_1_54' title='bbox 715 839 744 885; x_wconf 90' lang='lat' dir='ltr'>et</span> <span class='ocrx_word' id='word_1_55' title='bbox 767 827 875 885; x_wconf 86' lang='lat' dir='ltr'>invidia</span> 
     </span>
     <span class='ocr_line' id='line_1_9' title="bbox 96 906 874 984; baseline -0.003 -17"><span class='ocrx_word' id='word_1_56' title='bbox 96 909 257 967; x_wconf 85' lang='lat' dir='ltr'>concitatur</span> <span class='ocrx_word' id='word_1_57' title='bbox 272 906 299 964; x_wconf 91' lang='lat' dir='ltr'>in</span> <span class='ocrx_word' id='word_1_58' title='bbox 312 908 440 984; x_wconf 86' lang='lat' dir='ltr'>judicum</span> <span class='ocrx_word' id='word_1_59' title='bbox 459 918 488 966; x_wconf 89' lang='lat' dir='ltr'>et</span> <span class='ocrx_word' id='word_1_60' title='bbox 512 909 540 966; x_wconf 90' lang='lat' dir='ltr'>in</span> <span class='ocrx_word' id='word_1_61' title='bbox 567 921 765 966; x_wconf 85' lang='lat' dir='ltr'>accusatorum</span> <span class='ocrx_word' id='word_1_62' title='bbox 792 907 874 966; x_wconf 88' lang='lat' dir='ltr'>facti·</span> 
     </span>
     <span class='ocr_line' id='line_1_10' title="bbox 94 988 873 1065; baseline -0.001 -18"><span class='ocrx_word' id='word_1_63' title='bbox 94 1007 191 1058; x_wconf 90' lang='lat' dir='ltr'>onem,</span> <span class='ocrx_word' id='word_1_64' title='bbox 205 1001 303 1046; x_wconf 90' lang='lat' dir='ltr'>contra</span> <span class='ocrx_word' id='word_1_65' title='bbox 316 1009 434 1065; x_wconf 90' lang='lat' dir='ltr'>quornm</span> <span class='ocrx_word' id='word_1_66' title='bbox 457 991 611 1065; x_wconf 88' lang='lat' dir='ltr'>potentiam</span> <span class='ocrx_word' id='word_1_67' title='bbox 628 988 798 1065; x_wconf 82' lang='lat' dir='ltr'>populariter</span> <span class='ocrx_word' id='word_1_68' title='bbox 812 1001 873 1046; x_wconf 90' lang='lat' dir='ltr'>turn</span> 
     </span>
     <span class='ocr_line' id='line_1_11' title="bbox 95 1068 871 1145; baseline 0 -19"><span class='ocrx_word' id='word_1_69' title='bbox 95 1069 249 1126; x_wconf 88' lang='lat' dir='ltr'>dicendum</span> <span class='ocrx_word' id='word_1_70' title='bbox 265 1069 325 1126; x_wconf 88' lang='lat' dir='ltr'>fuit.</span> <span class='ocrx_word' id='word_1_71' title='bbox 368 1069 460 1127; x_wconf 88' lang='lat' dir='ltr'>Multa</span> <span class='ocrx_word' id='word_1_72' title='bbox 474 1071 502 1126; x_wconf 91' lang='lat' dir='ltr'>in</span> <span class='ocrx_word' id='word_1_73' title='bbox 524 1069 572 1127; x_wconf 90' lang='lat' dir='ltr'>illa</span> <span class='ocrx_word' id='word_1_74' title='bbox 595 1070 723 1126; x_wconf 85' lang='lat' dir='ltr'>oratione</span> <span class='ocrx_word' id='word_1_75' title='bbox 737 1068 871 1145; x_wconf 86' lang='lat' dir='ltr'>graviter,</span> 
     </span>
     <span class='ocr_line' id='line_1_12' title="bbox 96 1148 874 1225; baseline 0.001 -19"><span class='ocrx_word' id='word_1_76' title='bbox 96 1148 185 1207; x_wconf 85' lang='lat' dir='ltr'>multa</span> <span class='ocrx_word' id='word_1_77' title='bbox 208 1149 318 1219; x_wconf 87' lang='lat' dir='ltr'>leniter,</span> <span class='ocrx_word' id='word_1_78' title='bbox 332 1151 421 1208; x_wconf 89' lang='lat' dir='ltr'>multa</span> <span class='ocrx_word' id='word_1_79' title='bbox 446 1169 554 1225; x_wconf 85' lang='lat' dir='ltr'>aspere,</span> <span class='ocrx_word' id='word_1_80' title='bbox 568 1149 656 1206; x_wconf 87' lang='lat' dir='ltr'>multa</span> <span class='ocrx_word' id='word_1_81' title='bbox 681 1149 774 1207; x_wconf 87' lang='lat' dir='ltr'>sacete</span> <span class='ocrx_word' id='word_1_82' title='bbox 795 1149 874 1207; x_wconf 84' lang='lat' dir='ltr'>dicta</span> 
     </span>
     <span class='ocr_line' id='line_1_13' title="bbox 97 1229 874 1306; baseline 0 -20"><span class='ocrx_word' id='word_1_83' title='bbox 97 1242 178 1299; x_wconf 82' lang='lat' dir='ltr'>sunt3</span> <span class='ocrx_word' id='word_1_84' title='bbox 196 1230 281 1306; x_wconf 85' lang='lat' dir='ltr'>plura</span> <span class='ocrx_word' id='word_1_85' title='bbox 303 1230 388 1287; x_wconf 89' lang='lat' dir='ltr'>etiam</span> <span class='ocrx_word' id='word_1_86' title='bbox 413 1231 490 1287; x_wconf 85' lang='lat' dir='ltr'>dicta</span> <span class='ocrx_word' id='word_1_87' title='bbox 514 1248 598 1306; x_wconf 92' lang='lat' dir='ltr'>quam</span> <span class='ocrx_word' id='word_1_88' title='bbox 620 1229 735 1303; x_wconf 87' lang='lat' dir='ltr'>scripta,</span> <span class='ocrx_word' id='word_1_89' title='bbox 749 1229 874 1304; x_wconf 84' lang='lat' dir='ltr'>quodex</span> 
     </span>
     <span class='ocr_line' id='line_1_14' title="bbox 94 1274 874 1390; baseline -0.003 -24"><span class='ocrx_word' id='word_1_90' title='bbox 94 1274 262 1390; x_wconf 81' lang='lat' dir='ltr'>quibdsdam</span> <span class='ocrx_word' id='word_1_91' title='bbox 277 1311 419 1386; x_wconf 80' lang='lat' dir='ltr'>capitibus</span> <span class='ocrx_word' id='word_1_92' title='bbox 432 1310 566 1385; x_wconf 85' lang='lat' dir='ltr'>expositis</span> <span class='ocrx_word' id='word_1_93' title='bbox 587 1327 641 1365; x_wconf 90' lang='lat' dir='ltr'>nec</span> <span class='ocrx_word' id='word_1_94' title='bbox 661 1307 840 1385; x_wconf 84' lang='lat' dir='ltr'>explicatis</span> <span class='ocrx_word' id='word_1_95' title='bbox 833 1327 874 1364; x_wconf 91' lang='lat' dir='ltr'>ru-</span> 
     </span>
     <span class='ocr_line' id='line_1_15' title="bbox 95 1386 875 1480; baseline -0.004 -33"><span class='ocrx_word' id='word_1_96' title='bbox 95 1389 183 1480; x_wconf 80' lang='lat' dir='ltr'>telligi</span> <span class='ocrx_word' id='word_1_97' title='bbox 197 1400 295 1467; x_wconf 88' lang='lat' dir='ltr'>potest.</span> <span class='ocrx_word' id='word_1_98' title='bbox 338 1389 403 1466; x_wconf 90' lang='lat' dir='ltr'>Ipsa</span> <span class='ocrx_word' id='word_1_99' title='bbox 417 1390 465 1447; x_wconf 88' lang='lat' dir='ltr'>illa</span> <span class='ocrx_word' id='word_1_100' title='bbox 489 1388 620 1447; x_wconf 87' lang='lat' dir='ltr'>censoria</span> <span class='ocrx_word' id='word_1_101' title='bbox 633 1399 732 1445; x_wconf 88' lang='lat' dir='ltr'>contra</span> <span class='ocrx_word' id='word_1_102' title='bbox 746 1390 801 1447; x_wconf 88' lang='lat' dir='ltr'>Cn</span> <span class='ocrx_word' id='word_1_103' title='bbox 816 1386 875 1445; x_wconf 92' lang='lat' dir='ltr'>Do·</span> 
     </span>
     <span class='ocr_line' id='line_1_16' title="bbox 94 1467 875 1560; baseline -0.003 -33"><span class='ocrx_word' id='word_1_104' title='bbox 94 1470 203 1528; x_wconf 91' lang='lat' dir='ltr'>mitium</span> <span class='ocrx_word' id='word_1_105' title='bbox 219 1470 361 1560; x_wconf 84' lang='lat' dir='ltr'>collegam</span> <span class='ocrx_word' id='word_1_106' title='bbox 375 1478 487 1527; x_wconf 86' lang='lat' dir='ltr'>nonest</span> <span class='ocrx_word' id='word_1_107' title='bbox 507 1468 596 1526; x_wconf 90' lang='lat' dir='ltr'>oratio</span> <span class='ocrx_word' id='word_1_108' title='bbox 616 1467 665 1524; x_wconf 80' lang='lat' dir='ltr'>sed</span> <span class='ocrx_word' id='word_1_109' title='bbox 679 1467 766 1542; x_wconf 86' lang='lat' dir='ltr'>quasi</span> <span class='ocrx_word' id='word_1_110' title='bbox 780 1467 875 1543; x_wconf 87' lang='lat' dir='ltr'>capita</span> 
     </span>
     <span class='ocr_line' id='line_1_17' title="bbox 94 1546 872 1624; baseline 0.001 -18"><span class='ocrx_word' id='word_1_111' title='bbox 94 1569 188 1607; x_wconf 87' lang='lat' dir='ltr'>rerum</span> <span class='ocrx_word' id='word_1_112' title='bbox 202 1560 231 1607; x_wconf 89' lang='lat' dir='ltr'>et</span> <span class='ocrx_word' id='word_1_113' title='bbox 244 1550 378 1607; x_wconf 87' lang='lat' dir='ltr'>orationis</span> <span class='ocrx_word' id='word_1_114' title='bbox 399 1547 632 1606; x_wconf 86' lang='lat' dir='ltr'>commentarium</span> <span class='ocrx_word' id='word_1_115' title='bbox 645 1547 740 1623; x_wconf 91' lang='lat' dir='ltr'>paullo</span> <span class='ocrx_word' id='word_1_116' title='bbox 752 1546 872 1624; x_wconf 86' lang='lat' dir='ltr'>plenius.</span> 
     </span>
     <span class='ocr_line' id='line_1_18' title="bbox 93 1628 872 1704; baseline -0.001 -17"><span class='ocrx_word' id='word_1_117' title='bbox 93 1628 184 1687; x_wconf 88' lang='lat' dir='ltr'>Nulla</span> <span class='ocrx_word' id='word_1_118' title='bbox 210 1640 254 1685; x_wconf 93' lang='lat' dir='ltr'>est</span> <span class='ocrx_word' id='word_1_119' title='bbox 280 1629 355 1685; x_wconf 91' lang='lat' dir='ltr'>enim</span> <span class='ocrx_word' id='word_1_120' title='bbox 385 1628 530 1685; x_wconf 86' lang='lat' dir='ltr'>altercatio</span> <span class='ocrx_word' id='word_1_121' title='bbox 556 1628 726 1686; x_wconf 89' lang='lat' dir='ltr'>clamoribus</span> <span class='ocrx_word' id='word_1_122' title='bbox 749 1632 872 1704; x_wconf 87' lang='lat' dir='ltr'>unquam</span> 
     </span>
     <span class='ocr_line' id='line_1_19' title="bbox 94 1707 922 1785; baseline -0.002 -19"><span class='ocrx_word' id='word_1_123' title='bbox 94 1709 192 1766; x_wconf 89' lang='lat' dir='ltr'>habita</span> <span class='ocrx_word' id='word_1_124' title='bbox 209 1707 370 1784; x_wconf 90' lang='lat' dir='ltr'>majoribus.</span> <span class='ocrx_word' id='word_1_125' title='bbox 411 1710 449 1767; x_wconf 91' lang='lat' dir='ltr'>Et</span> <span class='ocrx_word' id='word_1_126' title='bbox 462 1727 528 1766; x_wconf 88' lang='lat' dir='ltr'>vero</span> <span class='ocrx_word' id='word_1_127' title='bbox 551 1707 603 1765; x_wconf 82' lang='lat' dir='ltr'>tuit</span> <span class='ocrx_word' id='word_1_128' title='bbox 628 1709 657 1765; x_wconf 92' lang='lat' dir='ltr'>in</span> <span class='ocrx_word' id='word_1_129' title='bbox 678 1708 733 1766; x_wconf 93' lang='lat' dir='ltr'>hoc</span> <span class='ocrx_word' id='word_1_130' title='bbox 747 1717 776 1764; x_wconf 92' lang='lat' dir='ltr'>et</span> <span class='ocrx_word' id='word_1_131' title='bbox 785 1712 873 1785; x_wconf 89' lang='lat' dir='ltr'>popu·</span> <span class='ocrx_word' id='word_1_132' title='bbox 883 1725 922 1765; x_wconf 76' lang='lat'>1⁶5</span> 
     </span>
     <span class='ocr_line' id='line_1_20' title="bbox 93 1787 872 1864; baseline 0.003 -18"><span class='ocrx_word' id='word_1_133' title='bbox 93 1788 163 1846; x_wconf 85' lang='lat' dir='ltr'>laris</span> <span class='ocrx_word' id='word_1_134' title='bbox 189 1788 277 1846; x_wconf 89' lang='lat' dir='ltr'>dictio</span> <span class='ocrx_word' id='word_1_135' title='bbox 303 1788 463 1846; x_wconf 87' lang='lat' dir='ltr'>excellens:</span> <span class='ocrx_word' id='word_1_136' title='bbox 488 1787 609 1847; x_wconf 82' lang='lat' dir='ltr'>Antonii</span> <span class='ocrx_word' id='word_1_137' title='bbox 636 1807 728 1864; x_wconf 86' lang='lat' dir='ltr'>genus</span> <span class='ocrx_word' id='word_1_138' title='bbox 755 1787 872 1848; x_wconf 89' lang='lat' dir='ltr'>dicendi</span> 
     </span>
     <span class='ocr_line' id='line_1_21' title="bbox 93 1867 720 1946; baseline -0.003 -19"><span class='ocrx_word' id='word_1_139' title='bbox 93 1869 183 1927; x_wconf 91' lang='lat' dir='ltr'>multo</span> <span class='ocrx_word' id='word_1_140' title='bbox 198 1868 288 1945; x_wconf 87' lang='lat' dir='ltr'>aptius</span> <span class='ocrx_word' id='word_1_141' title='bbox 299 1868 415 1945; x_wconf 87' lang='lat' dir='ltr'>judiciis</span> <span class='ocrx_word' id='word_1_142' title='bbox 428 1888 511 1946; x_wconf 89' lang='lat' dir='ltr'>quam</span> <span class='ocrx_word' id='word_1_143' title='bbox 527 1867 720 1926; x_wconf 89' lang='lat' dir='ltr'>concionibus.</span> 
     </span>
    </p>

    <p class='ocr_par' dir='ltr' id='par_1_3' title="bbox 90 1947 950 3150">
     <span class='ocr_line' id='line_1_22' title="bbox 134 1947 872 2026; baseline 0.001 -19"><span class='ocrx_word' id='word_1_144' title='bbox 134 1950 226 2007; x_wconf 89' lang='lat' dir='ltr'>XLV.</span> <span class='ocrx_word' id='word_1_145' title='bbox 249 1949 314 2007; x_wconf 89' lang='lat' dir='ltr'>Hoc</span> <span class='ocrx_word' id='word_1_146' title='bbox 336 1949 398 2008; x_wconf 92' lang='lat' dir='ltr'>loco</span> <span class='ocrx_word' id='word_1_147' title='bbox 420 1950 510 2026; x_wconf 90' lang='lat' dir='ltr'>ipsum</span> <span class='ocrx_word' id='word_1_148' title='bbox 534 1947 692 2007; x_wconf 91' lang='lat' dir='ltr'>Domitium</span> <span class='ocrx_word' id='word_1_149' title='bbox 712 1950 770 2007; x_wconf 83' lang='lat' dir='ltr'>n&#39;on</span> <span class='ocrx_word' id='word_1_150' title='bbox 788 1948 872 2007; x_wconf 88' lang='lat' dir='ltr'>relin-</span> 
     </span>
     <span class='ocr_line' id='line_1_23' title="bbox 94 2029 950 2106; baseline 0.002 -19"><span class='ocrx_word' id='word_1_151' title='bbox 94 2050 158 2106; x_wconf 92' lang='lat' dir='ltr'>quo.</span> <span class='ocrx_word' id='word_1_152' title='bbox 199 2029 276 2086; x_wconf 90' lang='lat' dir='ltr'>Nam</span> <span class='ocrx_word' id='word_1_153' title='bbox 293 2029 345 2088; x_wconf 90' lang='lat' dir='ltr'>etsi</span> <span class='ocrx_word' id='word_1_154' title='bbox 370 2050 428 2088; x_wconf 90' lang='lat' dir='ltr'>non</span> <span class='ocrx_word' id='word_1_155' title='bbox 453 2030 505 2088; x_wconf 86' lang='lat' dir='ltr'>suit</span> <span class='ocrx_word' id='word_1_156' title='bbox 527 2029 556 2086; x_wconf 91' lang='lat' dir='ltr'>in</span> <span class='ocrx_word' id='word_1_157' title='bbox 578 2043 717 2088; x_wconf 88' lang='lat' dir='ltr'>oratorum</span> <span class='ocrx_word' id='word_1_158' title='bbox 742 2049 871 2102; x_wconf 89' lang='lat' dir='ltr'>numero,</span> <span class='ocrx_word' id='word_1_159' title='bbox 947 2084 950 2089; x_wconf 91' lang='lat'>.</span> 
     </span>
     <span class='ocr_line' id='line_1_24' title="bbox 93 2109 872 2186; baseline 0 -18"><span class='ocrx_word' id='word_1_160' title='bbox 93 2121 189 2168; x_wconf 90' lang='lat' dir='ltr'>tamen</span> <span class='ocrx_word' id='word_1_161' title='bbox 211 2128 285 2186; x_wconf 90' lang='lat' dir='ltr'>pono</span> <span class='ocrx_word' id='word_1_162' title='bbox 310 2109 379 2167; x_wconf 88' lang='lat' dir='ltr'>satis</span> <span class='ocrx_word' id='word_1_163' title='bbox 406 2110 435 2167; x_wconf 93' lang='lat' dir='ltr'>in</span> <span class='ocrx_word' id='word_1_164' title='bbox 462 2129 497 2168; x_wconf 87' lang='lat' dir='ltr'>eo</span> <span class='ocrx_word' id='word_1_165' title='bbox 523 2109 610 2166; x_wconf 86' lang='lat' dir='ltr'>fuisse</span> <span class='ocrx_word' id='word_1_166' title='bbox 631 2109 764 2167; x_wconf 89' lang='lat' dir='ltr'>orationis</span> <span class='ocrx_word' id='word_1_167' title='bbox 788 2119 872 2186; x_wconf 82' lang='lat' dir='ltr'>atque</span> 
     </span>
     <span class='ocr_line' id='line_1_25' title="bbox 95 2189 872 2267; baseline 0 -19"><span class='ocrx_word' id='word_1_168' title='bbox 95 2189 213 2267; x_wconf 89' lang='lat' dir='ltr'>ingenii,</span> <span class='ocrx_word' id='word_1_169' title='bbox 228 2209 283 2264; x_wconf 92' lang='lat' dir='ltr'>quo</span> <span class='ocrx_word' id='word_1_170' title='bbox 297 2200 325 2247; x_wconf 90' lang='lat' dir='ltr'>et</span> <span class='ocrx_word' id='word_1_171' title='bbox 339 2189 520 2266; x_wconf 88' lang='lat' dir='ltr'>magistratus</span> <span class='ocrx_word' id='word_1_172' title='bbox 539 2207 687 2265; x_wconf 86' lang='lat' dir='ltr'>personam</span> <span class='ocrx_word' id='word_1_173' title='bbox 702 2198 730 2246; x_wconf 92' lang='lat' dir='ltr'>et</span> <span class='ocrx_word' id='word_1_174' title='bbox 744 2191 872 2248; x_wconf 87' lang='lat' dir='ltr'>consula·</span> 
     </span>
     <span class='ocr_line' id='line_1_26' title="bbox 94 2269 872 2346; baseline 0 -18"><span class='ocrx_word' id='word_1_175' title='bbox 94 2289 153 2328; x_wconf 87' lang='lat' dir='ltr'>rem</span> <span class='ocrx_word' id='word_1_176' title='bbox 165 2270 332 2346; x_wconf 85' lang='lat' dir='ltr'>dignitatem</span> <span class='ocrx_word' id='word_1_177' title='bbox 347 2280 489 2328; x_wconf 86' lang='lat' dir='ltr'>tueretur:</span> <span class='ocrx_word' id='word_1_178' title='bbox 506 2270 580 2345; x_wconf 91' lang='lat' dir='ltr'>quod</span> <span class='ocrx_word' id='word_1_179' title='bbox 596 2269 671 2326; x_wconf 89' lang='lat' dir='ltr'>idern</span> <span class='ocrx_word' id='word_1_180' title='bbox 685 2270 767 2328; x_wconf 85' lang='lat' dir='ltr'>deC.</span> <span class='ocrx_word' id='word_1_181' title='bbox 779 2269 872 2328; x_wconf 79' lang='lat' dir='ltr'>colio</span> 
     </span>
     <span class='ocr_line' id='line_1_27' title="bbox 94 2349 873 2409; baseline -0.005 -1"><span class='ocrx_word' id='word_1_182' title='bbox 94 2350 213 2409; x_wconf 84' lang='lat' dir='ltr'>dixerim</span> <span class='ocrx_word' id='word_1_183' title='bbox 234 2349 430 2409; x_wconf 88' lang='lat' dir='ltr'>industriam</span> <span class='ocrx_word' id='word_1_184' title='bbox 423 2370 451 2407; x_wconf 83' lang='grc' dir='ltr'>ιιι</span> <span class='ocrx_word' id='word_1_185' title='bbox 473 2369 507 2407; x_wconf 91' lang='lat' dir='ltr'>eo</span> <span class='ocrx_word' id='word_1_186' title='bbox 527 2368 665 2406; x_wconf 90' lang='lat' dir='ltr'>summam</span> <span class='ocrx_word' id='word_1_187' title='bbox 689 2349 776 2408; x_wconf 81' lang='lat' dir='ltr'>luisse</span> <span class='ocrx_word' id='word_1_188' title='bbox 797 2367 873 2406; x_wconf 87' lang='lat' dir='ltr'>sum·</span> 
     </span>
     <span class='ocr_line' id='line_1_28' title="bbox 93 2429 873 2523; baseline -0.003 -35"><span class='ocrx_word' id='word_1_189' title='bbox 93 2449 210 2523; x_wconf 83' lang='lat' dir='ltr'>masque</span> <span class='ocrx_word' id='word_1_190' title='bbox 233 2429 360 2502; x_wconf 89' lang='lat' dir='ltr'>virtutes,</span> <span class='ocrx_word' id='word_1_191' title='bbox 379 2429 546 2521; x_wconf 83' lang='lat' dir='ltr'>eloquentiae</span> <span class='ocrx_word' id='word_1_192' title='bbox 567 2440 687 2501; x_wconf 89' lang='lat' dir='ltr'>tanturn,</span> <span class='ocrx_word' id='word_1_193' title='bbox 701 2429 775 2506; x_wconf 93' lang='lat' dir='ltr'>quod</span> <span class='ocrx_word' id='word_1_194' title='bbox 797 2438 873 2517; x_wconf 82' lang='lat' dir='ltr'>esset</span> 
     </span>
     <span class='ocr_line' id='line_1_29' title="bbox 93 2505 872 2598; baseline -0.004 -29"><span class='ocrx_word' id='word_1_195' title='bbox 93 2510 124 2569; x_wconf 92' lang='lat' dir='ltr'>in</span> <span class='ocrx_word' id='word_1_196' title='bbox 139 2510 223 2567; x_wconf 86' lang='lat' dir='ltr'>rebus</span> <span class='ocrx_word' id='word_1_197' title='bbox 235 2510 349 2586; x_wconf 88' lang='lat' dir='ltr'>privatis</span> <span class='ocrx_word' id='word_1_198' title='bbox 364 2509 464 2568; x_wconf 85' lang='lat' dir='ltr'>amicis</span> <span class='ocrx_word' id='word_1_199' title='bbox 478 2509 548 2586; x_wconf 86' lang='lat' dir='ltr'>ejus,</span> <span class='ocrx_word' id='word_1_200' title='bbox 563 2509 591 2567; x_wconf 92' lang='lat' dir='ltr'>in</span> <span class='ocrx_word' id='word_1_201' title='bbox 606 2531 636 2569; x_wconf 90' lang='lat' dir='ltr'>re</span> <span class='ocrx_word' id='word_1_202' title='bbox 655 2506 792 2586; x_wconf 88' lang='lat' dir='ltr'>publica</span> <span class='ocrx_word' id='word_1_203' title='bbox 784 2505 872 2598; x_wconf 82' lang='lat' dir='ltr'>ipsius</span> 
     </span>
     <span class='ocr_line' id='line_1_30' title="bbox 93 2580 921 2682; baseline -0.007 -33"><span class='ocrx_word' id='word_1_204' title='bbox 93 2588 226 2682; x_wconf 85' lang='lat' dir='ltr'>dignitati</span> <span class='ocrx_word' id='word_1_205' title='bbox 247 2589 324 2647; x_wconf 89' lang='lat' dir='ltr'>satis.</span> <span class='ocrx_word' id='word_1_206' title='bbox 365 2589 474 2649; x_wconf 86' lang='lat' dir='ltr'>Eodem</span> <span class='ocrx_word' id='word_1_207' title='bbox 498 2600 622 2668; x_wconf 87' lang='lat' dir='ltr'>tempore</span> <span class='ocrx_word' id='word_1_208' title='bbox 643 2589 685 2647; x_wconf 92' lang='lat' dir='ltr'><em>M</em></span> <span class='ocrx_word' id='word_1_209' title='bbox 707 2580 872 2647; x_wconf 77' lang='lat' dir='ltr'>Herennius</span> <span class='ocrx_word' id='word_1_210' title='bbox 883 2603 921 2644; x_wconf 83' lang='lat' dir='ltr'>tuo</span> 
     </span>
     <span class='ocr_line' id='line_1_31' title="bbox 93 2667 872 2745; baseline -0.001 -16"><span class='ocrx_word' id='word_1_211' title='bbox 93 2671 124 2729; x_wconf 91' lang='lat' dir='ltr'>in</span> <span class='ocrx_word' id='word_1_212' title='bbox 152 2668 340 2728; x_wconf 89' lang='lat' dir='ltr'>mediocribus</span> <span class='ocrx_word' id='word_1_213' title='bbox 365 2670 523 2729; x_wconf 85' lang='lat' dir='ltr'>oratoribus</span> <span class='ocrx_word' id='word_1_214' title='bbox 546 2671 648 2729; x_wconf 91' lang='lat' dir='ltr'>Latine</span> <span class='ocrx_word' id='word_1_215' title='bbox 669 2678 698 2726; x_wconf 93' lang='lat' dir='ltr'>et</span> <span class='ocrx_word' id='word_1_216' title='bbox 722 2667 872 2745; x_wconf 87' lang='lat' dir='ltr'>diligenter</span> 
     </span>
     <span class='ocr_line' id='line_1_32' title="bbox 91 2748 873 2828; baseline -0.003 -18"><span class='ocrx_word' id='word_1_217' title='bbox 91 2748 274 2825; x_wconf 87' lang='lat' dir='ltr'>loquentibus</span> <span class='ocrx_word' id='word_1_218' title='bbox 300 2763 464 2808; x_wconf 89' lang='lat' dir='ltr'>numeratus</span> <span class='ocrx_word' id='word_1_219' title='bbox 489 2761 541 2819; x_wconf 90' lang='lat' dir='ltr'>est,</span> <span class='ocrx_word' id='word_1_220' title='bbox 566 2752 615 2828; x_wconf 92' lang='lat' dir='ltr'>qui</span> <span class='ocrx_word' id='word_1_221' title='bbox 637 2760 734 2807; x_wconf 87' lang='lat' dir='ltr'>tamen</span> <span class='ocrx_word' id='word_1_222' title='bbox 761 2767 873 2808; x_wconf 83' lang='lat' dir='ltr'>sumina</span> 
     </span>
     <span class='ocr_line' id='line_1_33' title="bbox 92 2827 872 2920; baseline -0.003 -30"><span class='ocrx_word' id='word_1_223' title='bbox 92 2829 240 2890; x_wconf 88' lang='lat' dir='ltr'>nobilitate</span> <span class='ocrx_word' id='word_1_224' title='bbox 255 2829 407 2920; x_wconf 81' lang='lat' dir='ltr'>hominem,</span> <span class='ocrx_word' id='word_1_225' title='bbox 422 2832 601 2910; x_wconf 87' lang='lat' dir='ltr'>cognatione,</span> <span class='ocrx_word' id='word_1_226' title='bbox 616 2827 772 2901; x_wconf 86' lang='lat' dir='ltr'>sodalitate,</span> <span class='ocrx_word' id='word_1_227' title='bbox 787 2830 872 2890; x_wconf 90' lang='lat' dir='ltr'>colle-</span> 
     </span>
     <span class='ocr_line' id='line_1_34' title="bbox 92 2875 870 2990; baseline -0.001 -22"><span class='ocrx_word' id='word_1_228' title='bbox 92 2911 150 2990; x_wconf 89' lang='lat' dir='ltr'>gio,</span> <span class='ocrx_word' id='word_1_229' title='bbox 172 2928 283 2967; x_wconf 89' lang='lat' dir='ltr'>summa</span> <span class='ocrx_word' id='word_1_230' title='bbox 304 2909 389 2968; x_wconf 89' lang='lat' dir='ltr'>etiarn</span> <span class='ocrx_word' id='word_1_231' title='bbox 412 2911 574 2988; x_wconf 89' lang='lat' dir='ltr'>eloquentia</span> <span class='ocrx_word' id='word_1_232' title='bbox 597 2912 631 2968; x_wconf 92' lang='lat' dir='ltr'>L</span> <span class='ocrx_word' id='word_1_233' title='bbox 653 2875 847 2987; x_wconf 80' lang='lat' dir='ltr'>Philippitm</span> <span class='ocrx_word' id='word_1_234' title='bbox 840 2929 870 2967; x_wconf 92' lang='grc' dir='ltr'>ιιι</span> 
     </span>
     <span class='ocr_line' id='line_1_35' title="bbox 92 2989 870 3069; baseline -0.004 -20"><span class='ocrx_word' id='word_1_235' title='bbox 92 2991 256 3049; x_wconf 89' lang='lat' dir='ltr'>consulatus</span> <span class='ocrx_word' id='word_1_236' title='bbox 269 2989 402 3067; x_wconf 87' lang='lat' dir='ltr'>petitione</span> <span class='ocrx_word' id='word_1_237' title='bbox 424 2992 572 3069; x_wconf 88' lang='lat' dir='ltr'>superavit</span> <span class='ocrx_word' id='word_1_238' title='bbox 614 2989 723 3048; x_wconf 82' lang='lat' dir='ltr'>Eodem</span> <span class='ocrx_word' id='word_1_239' title='bbox 742 3002 870 3065; x_wconf 89' lang='lat' dir='ltr'>tempore</span> 
     </span>
     <span class='ocr_line' id='line_1_36' title="bbox 90 3070 871 3150; baseline -0.004 -21"><span class='ocrx_word' id='word_1_240' title='bbox 90 3072 126 3131; x_wconf 84' lang='lat' dir='ltr'>C.</span> <span class='ocrx_word' id='word_1_241' title='bbox 143 3071 270 3143; x_wconf 63' lang='lat' dir='ltr'>Clodius</span> <span class='ocrx_word' id='word_1_242' title='bbox 284 3070 337 3129; x_wconf 87' lang='lat' dir='ltr'>etsi</span> <span class='ocrx_word' id='word_1_243' title='bbox 350 3082 461 3150; x_wconf 91' lang='lat' dir='ltr'>propter</span> <span class='ocrx_word' id='word_1_244' title='bbox 483 3089 623 3132; x_wconf 87' lang='lat' dir='ltr'>summam</span> <span class='ocrx_word' id='word_1_245' title='bbox 643 3070 819 3129; x_wconf 86' lang='lat' dir='ltr'>nobilitatem</span> <span class='ocrx_word' id='word_1_246' title='bbox 841 3077 871 3127; x_wconf 86' lang='lat' dir='ltr'>et</span> 
     </span>
    </p>
   </div>
   <div class='ocr_carea' id='block_1_3' title="bbox 328 3152 348 3210">
    <p class='ocr_par' dir='ltr' id='par_1_4' title="bbox 328 3152 348 3210">
     <span class='ocr_line' id='line_1_37' title="bbox 328 3152 348 3210; baseline 0 0"><span class='ocrx_word' id='word_1_247' title='bbox 328 3152 348 3210; x_wconf 87' lang='lat'><em>5</em></span> 
     </span>
    </p>
   </div>
   <div class='ocr_carea' id='block_1_4' title="bbox 0 0 998 3450">
    <p class='ocr_par' dir='ltr' id='par_1_5' title="bbox 0 0 998 3450">
     <span class='ocr_line' id='line_1_38' title="bbox 0 0 998 3450; baseline 0 1"><span class='ocrx_word' id='word_1_248' title='bbox 0 0 998 3450; x_wconf 95' lang='lat' dir='ltr'> </span> 
     </span>
    </p>
   </div>
  </div>
 </body>
</html>
