1986 3450
165 215 206 275 26
266 213 312 261 DE
335 212 461 262 CLARIS
484 210 713 269 ORATORIBUS,
729 211 800 259 Can.
816 211 855 257 2³.

165 357 240 416 male
254 359 394 418 mulcatos
408 357 503 416 exisse
518 377 584 415 curn
599 356 713 427 Galba3
733 377 769 414 ex
793 375 849 432 quo
863 354 953 432 signi·

165 438 270 496 ficabat
285 441 364 497 illum
379 459 435 498 non
451 438 480 495 iu
504 438 617 514 agendo
638 439 728 498 solum
751 437 904 494 sedetiam
920 436 951 495 in

165 520 330 578 meditando
348 521 546 576 vehementem
569 530 653 593 atque
675 519 825 577 incensum
851 516 950 575 fuisse.

163 598 246 661 Quid
260 601 370 659 multal
392 617 507 676 magna·
519 599 733 674 exspectatione
757 597 888 674 plurimis
902 616 951 656 au·

163 679 309 739 dientibus
330 698 426 737 coram
454 680 514 755 ipso
542 677 632 737 Laelio
658 679 700 737 sic
728 679 805 737 illam
830 696 950 737 causam

163 761 292 819 tantari
314 771 449 835 tantaque
471 759 611 837 gravitate
631 759 737 817 dixisse
759 758 893 831 Galbam,
918 769 951 817 ut

152 841 243 898 nulla
264 841 323 899 fere
349 860 415 917 pars
443 840 580 898 orationis
607 838 721 898 silentio
747 838 949 916 praeteriretur.

162 921 263 995 Itaque
277 921 374 978 multis
387 920 511 996 querelis
533 919 678 995 multaque
700 919 885 978 miseratIone
901 919 950 977 ad·

162 1000 253 1059 hibita
280 1001 373 1067 socios
399 1001 533 1059 omnibus
568 1000 790 1077 approbantibus
824 999 874 1058 illa
901 999 949 1059 die

125 1081 317 1156 aquaestione
337 1082 470 1139 liberatos
491 1100 562 1141 esse.
604 1079 722 1139 XXIII.
744 1079 789 1138 Ex
808 1079 866 1137 hac
885 1078 950 1138 Ru‘·

161 1161 262 1219 tiliana
295 1161 458 1221 narratione
496 1160 635 1237 suspicari
669 1160 746 1233 licet,
779 1179 846 1218 oum
880 1159 947 1221 duae

161 1251 279 1317 summae
308 1243 366 1300 sint
393 1241 423 1299 in
450 1253 561 1300 oratore
589 1241 698 1312 laudes,
724 1259 781 1299 uua
805 1239 949 1300 subtiliter

160 1320 325 1399 disputandi
348 1323 383 1380 ad
408 1323 581 1393 docendum,
605 1321 694 1379 altera
716 1321 839 1398 graviter
861 1338 949 1398 agen·

161 1403 190 1461 di
219 1404 254 1461 ad
282 1404 392 1461 animos
420 1402 598 1461 audientium
631 1401 856 1478 permovendos,
875 1401 949 1461 mul·

160 1494 244 1560 toque
265 1484 329 1560 plus
352 1483 482 1560 proficiat
506 1483 540 1554 is,
564 1481 612 1558 qui
634 1481 792 1540 inflammet
815 1481 947 1558 judicem

159 1583 244 1640 quam
273 1565 330 1634 ille,
357 1564 406 1639 qui
436 1564 555 1634 doceat3
581 1561 754 1639 elegantiam
789 1562 819 1620 in
856 1561 948 1621 Laelio

159 1646 217 1700 vim
244 1644 273 1701 iu
300 1644 396 1701 Galba
423 1643 518 1703 luisse.
566 1642 644 1704 Quae
674 1642 790 1718 quidem
817 1641 859 1699 vis
883 1655 946 1705 tum

159 1723 283 1781 maxime
318 1723 434 1799 cognita
468 1736 533 1794 est,
554 1741 621 1781 oum
655 1722 801 1781 Lusitanis
829 1742 846 1780 a
880 1723 945 1782 Ser.

159 1802 253 1861 Galba
279 1814 404 1879 praetore
427 1814 527 1860 contra
559 1803 764 1878 interpositam,
791 1812 823 1860 ut
849 1803 945 1862 existi·

159 1883 299 1953 mahalat,
314 1882 399 1939 fidem
414 1882 571 1940 interfectis
585 1882 622 1941 T.
635 1883 746 1942 Libone
760 1882 873 1945 tribuno
886 1885 946 1959 ple·

159 1963 203 2021 bis
216 1962 351 2039 populum
366 1962 504 2020 incitante
519 1973 548 2019 et
569 1964 744 2040 rogationem
767 1962 796 2020 iu
818 1961 944 2035 Galbam

158 2043 299 2119 privilegii
323 2042 445 2100 similem
467 2041 575 2100 ferente
597 2062 709 2102 summa
732 2051 893 2116 senectute,
912 2055 944 2102 ut

159 2133 225 2181 ante
247 2123 316 2194 dixi,
341 2122 381 2181 M.
402 2122 476 2181 Cato
495 2123 589 2200 legem
616 2124 740 2183 suadens
767 2123 796 2181 in
818 2122 943 2184 Galbam

158 2204 247 2261 multa
267 2203 354 2262 dixit:
375 2222 461 2280 quam
482 2204 641 2263 orationem
663 2205 693 2262 in
715 2203 853 2281 Origines
874 2224 943 2264 suas

157 2284 253 2343 retulit
266 2285 375 2361 paucis,
388 2295 540 2359 antequam
551 2294 680 2344 mortuus
690 2296 743 2357 est,
759 2283 824 2365 [an]
840 2285 943 2345 diebus

120 2379 146 2420 co
157 2385 194 2425 an
209 2365 364 2425 mensibus.
405 2363 483 2423 Tum
498 2365 585 2443 igitur
599 2365 669 2422 nihil
690 2383 828 2424 recusans
846 2365 943 2425 Galba

155 2467 206 2525 pro
219 2466 282 2505 sese
295 2455 325 2504 et
337 2445 433 2523 populi
448 2445 575 2504 Romani
597 2445 682 2503 fidem
704 2445 860 2522 implorans
873 2466 940 2505 cum

154 2545 221 2593 suos
234 2546 336 2604 pueros
351 2540 411 2584 tum
425 2525 460 2582 C.
474 2526 551 2584 Galli
563 2525 650 2585 etiam
672 2525 762 2584 lilium
776 2525 849 2585 flens
863 2547 941 2586 com·

155 2608 328 2677 mendabat;
350 2605 432 2682 cujus
445 2606 552 2665 orbitas
576 2618 605 2663 et
627 2604 710 2664 fletus
732 2606 803 2665 mire
824 2605 942 2666 misera·

155 2685 219 2744 bllis
234 2688 286 2746 suit
299 2697 410 2764 propter
429 2697 574 2745 recentem
596 2687 764 2745 memoriam
788 2686 940 2747 clarissimi

154 2767 258 2841 patris:
289 2768 367 2843 isque
395 2784 426 2824 se
458 2777 518 2824 tum
545 2766 648 2842 eripuit
683 2766 799 2825 flamma
825 2779 940 2844 propter

153 2864 256 2923 pueros
270 2846 464 2906 misericordia
480 2846 576 2922 populi
598 2858 752 2919 commota,
766 2848 842 2906 sicut
863 2848 936 2907 idem

154 2926 290 3002 scriptum
305 2928 418 3003 reliquit
432 2925 513 2985 Cato.
555 2927 651 3002 Atque
673 2929 760 2987 etiam
783 2928 876 3005 ipsum
893 2929 936 2988 Li·

154 3008 257 3067 bonem
271 3025 329 3067 non
344 3009 482 3069 infantem
497 3005 580 3067 video
599 3008 696 3084 luisse,
711 3019 743 3069 ut
755 3027 793 3069 ex
804 3009 936 3071 orationi·

153 3088 208 3149 bus
219 3087 283 3165 ejus
296 3088 418 3167 intelligi
431 3097 532 3168 potest.
