1986 3450
193 225 241 275 DE
261 225 387 276 CLARIS
407 223 637 282 ORATORIBUS,
653 223 722 272 Gur.
740 223 778 272 dd.
831 222 868 281 61

90 389 155 446 quae
169 389 280 431 summa
293 382 369 444 sunt,
379 370 450 447 >jure
464 369 624 429 laudantur.
667 368 726 426 Sed
743 365 872 426 carenda
882 379 922 420 sos

93 462 137 509 est
155 470 253 528 presso
277 451 318 511 illi
331 451 435 510 oratori
456 450 551 528 inopia
574 460 603 508 et
620 447 765 527 jejunitas,
780 446 872 525 amplo

92 542 189 589 autem
217 531 346 590 inflatum
370 542 399 590 et
422 541 585 607 corruptum
611 528 748 598 orationis
770 546 869 605 genus.

94 609 264 670 Inveniebat
287 613 372 689 igitur
397 623 480 670 acute
505 612 599 680 Cotta,
614 609 814 685 dicebat'pure
836 627 872 666 ac

93 691 195 763 solute,
209 703 237 750 et
252 703 282 749 ut
297 693 332 750 ad
348 692 536 750 infirmitatem
558 692 677 749 laterum
690 689 871 766 »perscienter

94 773 307 830 contentionem
328 792 446 831 ornnem
462 772 618 842 remiserat,
642 771 684 828 sio
709 770 744 827 ad
770 769 872 826 virium

94 851 320 910 imbecillitatem
352 852 466 911 dicendi
501 850 734 910 accommodabat
770 868 870 927 genus.
907 879 910 887 Δ

93 930 177 989 Nihil
187 945 246 990 erat
256 932 284 990 in
296 933 357 1010 ejus
367 933 495 992 oratione
504 933 559 990 nisi
568 932 723 1003 sincerum,
733 929 802 988 nihil
815 929 872 988 nisi

94 1011 206 1070 siccum
222 1024 303 1090 atque
316 1032 417 1072 sanum
426 1034 434 1085 ;
456 1013 581 1088 illudque
595 1011 760 1079 maximum,
784 1009 871 1087 quod,

94 1110 162 1150 cum
177 1093 359 1153 contentione
372 1093 508 1170 orationis
528 1093 644 1151 flectere
666 1091 776 1149 animos
798 1089 873 1167 judi·

95 1190 162 1230 cum
176 1173 222 1231 vix
245 1185 340 1250 posset
361 1193 416 1232 nec
439 1174 556 1233 omnino
577 1191 611 1230 eo
626 1190 732 1248 genere
753 1169 873 1242 diceret,
915 1209 918 1220 .

95 1253 244 1311 tractando
262 1265 357 1312 tamen
379 1254 550 1330 impellebat,
571 1263 603 1310 ut
625 1251 700 1308 idem
715 1250 875 1307 lacerenta

95 1351 127 1390 se
154 1335 297 1403 commoti,
324 1332 399 1410 quod
427 1352 444 1390 a
471 1331 598 1408 Sulpicio
621 1329 767 1388 concitati.
808 1327 926 1387 Fuitaoa

95 1411 172 1473 enim
195 1413 340 1491 Sulpicius
358 1413 401 1471 ael
426 1413 550 1470 maxime
570 1410 708 1482 omnium,
726 1427 796 1485 quos
816 1409 877 1485 qui·

96 1493 162 1550 dem
190 1512 243 1570 ego
265 1493 431 1568 audiverim,
454 1491 571 1569 grandis
594 1501 632 1562 et,
655 1501 685 1547 ut
709 1489 749 1548 ita
770 1488 875 1560 dicam,

96 1573 224 1649 tragicus
237 1582 348 1631 orator:
370 1592 423 1631 vox
442 1591 507 1630 cum
530 1589 633 1648 magna
657 1581 716 1629 tum
740 1569 834 1628 suavis
847 1579 876 1627 et

93 1651 263 1730 splendida3
285 1662 381 1728 gestus
394 1663 422 1710 et
435 1664 527 1710 motus
542 1652 665 1728 corporis
678 1650 718 1709 ita
732 1660 875 1723 venustus,

96 1741 240 1791 attamen
266 1733 301 1788 ad
326 1731 426 1804 lorum,
451 1751 507 1790 non
533 1732 570 1803 ad
592 1728 707 1790 scenam
732 1729 876 1790 institutus

96 1812 257 1884 rideretur;
280 1811 398 1870 incitata
412 1824 440 1871 et
454 1812 583 1871 volubilis
595 1832 650 1871 nec
664 1829 699 1870 ea
712 1811 876 1869 redundans

95 1902 195 1950 tamen
222 1911 277 1950 neo
304 1892 505 1951 circumfluens
528 1893 626 1951 oratio.
667 1891 803 1950 Crassum
827 1891 876 1949 hic

99 1972 211 2031 volebat
241 1972 354 2044 imitari,
376 1973 462 2032 Cotta
484 1973 608 2032 malebat
629 1972 805 2032 Antonium:
826 1971 876 2030 sed

100 2052 205 2110 abhoc
227 2052 268 2110 ris
294 2053 391 2111 aberat
405 2054 536 2126 Antonii,
550 2053 648 2111 Crassi
670 2053 705 2111 ab
729 2052 777 2110 illo
790 2052 876 2129 lepos.

99 2131 128 2190 0
149 2151 292 2209 magnam,
314 2133 414 2209 inquit,
436 2134 543 2192 artem!
573 2133 697 2203 Brutus;
718 2132 742 2190 si
762 2132 930 2208 quidemaat

100 2210 172 2285 istis,
188 2231 252 2270 cum
267 2214 371 2271 summi
384 2223 480 2273 essent
492 2223 627 2283 oratores,
647 2233 709 2288 quae
730 2232 775 2271 res
790 2211 879 2271 maxi·

99 2311 166 2362 mas,
194 2292 282 2351 altera
309 2293 390 2352 alteri
416 2292 514 2352 deluit.
556 2293 635 2352 LVI.
655 2293 751 2370 Atque
776 2292 805 2350 in
834 2290 879 2348 his

95 2372 258 2431 oratoribus
271 2373 340 2431 illud
356 2373 637 2431 animadvertendum
652 2385 695 2432 est
714 2391 796 2450 posse
815 2388 879 2427 esse

100 2471 235 2522 summos,
249 2453 297 2528 qui
311 2453 384 2512 inter
398 2473 428 2511 se
442 2453 500 2511 sint
513 2452 672 2527 dissimiles.
705 2451 787 2511 Nihil
802 2448 879 2507 enim

99 2542 159 2590 tarn
183 2533 320 2591 dissimile
341 2553 425 2611 quam
448 2533 532 2592 Cotta
557 2534 694 2611 Sulpicio,
713 2543 742 2590 et
762 2540 880 2606 uterque

99 2612 257 2688 aequalibus
271 2614 328 2672 suis
349 2614 501 2691 plurimum
521 2615 660 2690 prestitit.
699 2611 801 2674 Quare
825 2611 880 2670 hoc

98 2692 225 2752 doctoris
239 2693 423 2772 intelligentis
436 2705 479 2752 est
492 2694 599 2766 videre,
611 2714 667 2771 quo
687 2692 758 2750 serat
778 2700 882 2750 natura

97 2790 318 2850 sua-quemque,
333 2786 361 2832 et
374 2795 409 2834 ea
422 2775 497 2833 duce
518 2785 645 2834 utentem
659 2772 701 2830 sic
723 2770 880 2846 instituere,

99 2864 133 2913 ut
147 2852 302 2912 lsooratem
319 2854 346 2911 in
363 2855 500 2914 acerrimo
521 2855 637 2933 ingenio
658 2851 838 2929 Theopompi
852 2862 882 2910 et

99 2932 248 2993 lenissimo
268 2933 374 3010 Ephori
395 2935 499 2995 dixisse
520 2936 654 2994 traditum
679 2942 722 2991 est
746 2933 827 2992 alteri
850 2949 882 2988 se

100 3013 227 3073 calcaria
241 3014 376 3073 adhibere
391 3015 471 3075 alteri
490 3017 593 3075 frenos.
636 3013 757 3092 Sulpicii
778 3009 881 3072 oratio·
893 3025 933 3068 sos

99 3112 154 3153 nes
167 3115 230 3172 quae
243 3094 384 3169 seruntur,
393 3114 442 3155 eas
454 3108 517 3173 post
530 3104 648 3155 mortem
659 3094 722 3175 eius
734 3091 889 3170 scripsisse
