1986 3450
189 225 209 284 4
295 223 341 272 DE
362 223 489 273 CLARIS
511 223 741 282 ORATORlBUS,
759 223 827 272 Cas.
844 225 867 271 3.

191 369 289 429 audire
309 368 388 442 velis,
410 378 459 428 aut
477 389 531 448 ego
550 389 601 447 pro
621 378 700 428 certo
720 369 817 429 dicere
839 368 970 427 audeam.

154 471 178 512 rr
189 449 268 509 Tum
283 450 408 521 Atticus,
424 449 477 522 En,
499 451 599 526 inquit,
621 450 656 508 ad
671 461 700 508 te
721 451 817 509 animo
830 450 969 521 venimus,

190 541 221 589 ut
235 532 270 589 de
285 550 315 588 re
331 530 448 607 publica
467 543 543 588 esset
556 530 712 602 silentium,
727 543 755 589 et
771 530 876 606 aliquid
891 529 971 587 audi·

189 629 284 670 remus
303 611 397 689 potius
423 621 517 682 exte,
545 630 630 686 quam
657 622 686 668 te
711 612 890 669 afficeremus
912 609 970 667 ulla

189 691 326 750 molestia.
368 689 427 749 Vos
454 710 530 761 vero,
555 692 681 766 inquam,
710 692 818 763 Attice,
846 700 875 747 et
900 708 971 766 pra·

188 782 298 830 sentem
313 791 359 830 me
373 789 443 828 cura
456 771 566 843 levatis,
580 783 609 829 et
624 770 733 829 absenti
750 789 855 849 magna
868 769 971 828 solatia

189 851 326 910 dedistis:
355 869 421 910 nam
451 852 551 909 vestris
573 850 694 928 primum
715 851 804 910 literis
824 858 970 909 recreatus

189 950 235 990 me
250 932 285 989 ad
299 932 418 1009 pristina
431 931 525 988 studia
539 931 679 990 revocavi.
720 931 799 990 Tum
814 931 871 1003 ille,
886 929 969 1007 Legi,

189 1011 290 1089 inquit,
310 1011 490 1090 perlubenter
510 1012 668 1088 epistolam,
688 1030 772 1087 quam
795 1013 830 1070 ad
851 1021 879 1068 te
900 1010 972 1068 Bru·

188 1100 235 1150 tus
254 1092 331 1150 misit
344 1112 380 1151 ex
395 1090 475 1162 Asia,
490 1109 545 1166 qua
560 1092 630 1150 milri
651 1092 727 1150 visus
740 1102 784 1150 est
804 1102 835 1151 et
855 1109 971 1148 monere

154 1180 218 1233 rste
243 1172 397 1250 prudenter
417 1181 446 1229 et
473 1171 614 1230 consolari
641 1171 821 1230 amicissime.
863 1170 969 1242 Recte,

189 1250 315 1328 inquam,
330 1262 374 1312 est
393 1250 488 1310 visus:
510 1270 577 1309 uam
592 1271 637 1310 me
652 1252 713 1309 istis
733 1252 806 1311 scito
825 1250 915 1309 literis
934 1269 971 1308 ex

189 1331 324 1391 diuturna
350 1331 563 1410 perturbatione
590 1332 675 1390 totius
702 1331 873 1390 valetudinis
900 1340 972 1388 tam·

189 1431 274 1490 quam
296 1414 331 1472 ad
353 1410 567 1490 adspiciendum
588 1411 683 1470 lucem
709 1431 772 1470 esse
793 1421 968 1470 revocatum.

189 1493 285 1570 Atque
318 1502 350 1552 ut
375 1504 439 1571 post
468 1492 652 1550 Cannensem
673 1488 750 1550 illam
778 1491 970 1550 calamitatem

188 1573 311 1650 primum
340 1573 473 1633 Marcelli
497 1573 533 1631 ad
553 1571 658 1631 Nolam
678 1573 778 1648 proelio
799 1572 917 1650 populus
938 1590 972 1628 se

189 1651 341 1711 Romanus
362 1653 461 1725 erexit,
484 1663 636 1731 posteaque
658 1671 799 1729 prospera
820 1671 866 1710 res
890 1651 971 1708 dein·

189 1750 258 1808 ceps
283 1732 380 1799 multae
407 1743 570 1791 consecute
597 1744 678 1804 sunt;
713 1733 756 1790 sic
781 1743 845 1810 post
873 1750 970 1790 rerum

189 1820 351 1870 nostrarum
390 1821 418 1870 et
445 1811 641 1870 communium
668 1813 849 1890 gravissimos
883 1831 971 1870 casus

189 1890 261 1950 nihil
289 1902 356 1951 ante
382 1891 530 1968 epistolam
554 1891 635 1950 Bruti
654 1893 725 1952 mihi
752 1891 867 1962 accidit,
893 1893 970 1966 quod

189 1971 302 2043 vellem,
336 1981 387 2030 aut
417 1971 492 2046 quod
530 1971 623 2046 aliqua
656 1992 692 2031 ex
724 1984 804 2051 parte
836 1970 973 2030 sollicitu-

154 2050 272 2111 rsdiues
293 2052 427 2111 allevaret
452 2069 540 2109 meas.
582 2050 660 2111 'lum
687 2053 801 2122 Brutus,
829 2051 916 2111 Volui
941 2051 972 2110 id

189 2131 303 2208 quidem
317 2132 431 2192 efficere
445 2142 533 2200 certe,
544 2140 573 2189 et
586 2133 670 2209 capio
683 2152 820 2211 magnum
834 2133 971 2203 fructum,

188 2211 359 2290 siquidem,
380 2212 455 2288 quod
479 2211 565 2283 volui,
589 2222 669 2271 tauta
693 2213 721 2271 in
745 2234 775 2272 re
798 2222 972 2272 consecutus

188 2310 261 2353 sum.
303 2293 362 2351 Sed
376 2293 450 2351 scire
464 2291 558 2369 cupio,
579 2305 687 2368 quate
708 2293 801 2352 Attici
821 2293 909 2352 literae
924 2291 974 2349 de·

187 2371 364 2434 lactaverint.
392 2371 459 2430 Istae
475 2390 549 2443 vero,
560 2370 686 2450 inquam,
701 2373 798 2442 Brute,
814 2391 872 2431 non
886 2372 972 2430 modo

189 2453 408 2514 delectationem
429 2451 500 2511 mihi
515 2452 677 2525 sedetiam,
692 2464 724 2513 ut
737 2471 829 2530 spero,
850 2452 971 2511 salutem

139 2576 142 2585 .
191 2536 355 2594 attuleruut.
385 2532 534 2590 Saluteml
554 2531 646 2607 inquit
660 2534 716 2593 ille.
740 2533 897 2596 Quodnam
911 2543 972 2590 tau-

190 2612 255 2672 dem
269 2633 361 2693 genus
381 2613 456 2670 istuc
470 2620 529 2670 tam
548 2613 715 2688 praclarum
736 2613 881 2672 literarum
896 2612 972 2671 suita

190 2695 239 2752 Au
264 2695 334 2752 mihi
355 2691 456 2771 potuit,
482 2692 607 2767 inquam,
628 2713 691 2753 esse
716 2704 764 2752 aut
785 2694 892 2772 gratior
913 2691 972 2750 ulla

190 2773 324 2832 salutatio
346 2784 395 2832 aut
417 2772 528 2831 adhoc
548 2781 659 2849 tempus
681 2774 771 2851 aptior
791 2792 876 2850 quam
895 2772 972 2829 illius

189 2853 265 2924 libri,
279 2872 335 2928 quo
354 2873 400 2912 me
414 2854 463 2912 hic
484 2851 587 2909 affatus
606 2854 686 2927 quasi
704 2853 849 2930 jacentem
863 2850 972 2909 excita·

155 2951 180 2992 14
189 2933 249 2991 vitt
289 2931 368 2991 Tum
389 2934 447 3007 ille,
467 2930 580 3008 Nempe
600 2951 666 2993 eum
690 2935 773 3007 dicis,
795 2931 894 3009 inquit,
916 2951 973 3005 quo

189 3013 244 3072 iste
255 3031 370 3071 omnem
384 3031 478 3074 rerum
492 3015 657 3073 memoriam
672 3015 794 3074 breviter
806 3025 845 3085 et,
856 3022 887 3070 ut
900 3010 973 3069 milri

188 3095 304 3170 quidem
320 3093 410 3153 visum
423 3105 477 3167 est,
496 3091 701 3173 perdiligenter
724 3094 889 3173 complexus
907 3092 972 3151 estl
