1986 3450
160 444 181 502 2
268 440 314 488 DE
337 440 463 489 CLARIS
485 439 711 498 ORATORIBUS,
726 441 795 489 Can.
812 442 835 488 2.

161 585 271 645 socium
282 585 375 663 potius
395 594 424 642 et
438 593 597 643 consortem
618 585 732 663 gloriosi
752 584 857 647 laboris
872 582 942 640 ami·

137 683 262 724 aceram.
305 665 421 724 Etenim
449 666 472 722 si
500 665 529 723 in
550 665 686 724 leviorum
719 666 821 724 artium
848 663 942 722 studio

160 746 304 806 memoriae
318 746 459 823 proditum
481 755 524 802 est
538 749 639 823 poetas
660 746 768 805 nobiles
792 749 941 823 poetarum

161 827 311 902 aequalium
339 837 427 883 morte
454 825 597 884 doluisse:
626 846 681 901 quo
705 827 820 884 tandem
846 824 942 882 animo

161 905 222 983 ejus
236 907 380 964 interitum
395 906 467 964 serre
482 906 578 978 debui,
594 925 659 963 cum
681 927 736 981 quo
757 917 865 964 certare
880 913 942 962 erat

160 986 308 1064 gloriosius
319 1005 404 1062 quam
416 986 534 1044 omnino
546 986 737 1044 adversarium
748 1007 805 1045 non
818 985 941 1043 baberet

161 1084 227 1123 curn
241 1066 396 1144 praesertim
411 1086 467 1124 non
483 1067 567 1124 modo
590 1086 736 1142 nunquam
751 1068 787 1125 sit
802 1076 850 1125 aut
863 1065 940 1122 illius

161 1163 179 1202 a
202 1163 247 1204 me
275 1166 374 1204 cursus
401 1147 553 1223 impeditus
575 1159 624 1204 aut
648 1148 684 1203 ab
707 1147 754 1205 illo
776 1166 865 1217 meus,
890 1145 939 1202 sed

160 1234 260 1284 contra
273 1246 383 1303 semper
399 1227 468 1284 alter
483 1229 519 1285 ab
534 1227 622 1284 altero
637 1227 749 1304 adjutus
769 1237 798 1284 et
816 1244 943 1285 commu·

136 1304 287 1365 rnicando
300 1317 329 1365 et
343 1307 485 1364 monendo
505 1318 534 1364 et
557 1307 687 1366 favendo.
729 1308 787 1365 Sed
808 1306 942 1398 quonism

159 1400 296 1463 perpetuu
309 1387 431 1464 quadam
447 1386 581 1445 felicitate
596 1407 665 1445 usus
687 1387 741 1445 ille
754 1388 840 1445 cessit
853 1406 869 1444 e
884 1386 943 1443 vita

160 1485 212 1525 suo
216 1468 317 1558 magis
331 1486 416 1544 quam
437 1487 553 1525 suorum
568 1467 673 1525 civium
688 1478 824 1544 tempore,
839 1479 867 1525 et
881 1477 942 1524 tum

160 1546 276 1639 occidit,
291 1567 358 1608 curn
371 1548 469 1625 lugere
481 1547 594 1605 facilius
609 1548 823 1624 rempublicam
837 1556 940 1624 posset,

161 1627 185 1687 si
201 1630 316 1702 vireret,
330 1648 415 1720 quarn
433 1627 543 1705 juvare,
556 1627 680 1702 vixitque
701 1637 758 1686 tam
783 1629 842 1700 diu,
856 1646 941 1703 quam

160 1710 265 1770 licuit
259 1730 288 1768 ιιι
314 1709 430 1767 civitate
455 1709 528 1765 bene
552 1708 736 1799 beateque
711 1728 824 1766 vivere:
846 1717 943 1764 nostro

161 1790 343 1850 incommodo
369 1771 604 1864 detrimentoque,
632 1789 656 1845 si
679 1800 723 1847 est
747 1789 787 1846 ita
813 1805 941 1878 necesse,

161 1862 327 1928 doleamus:
361 1868 437 1925 illius
473 1887 541 1925 vero
566 1868 665 1926 mortis
701 1867 941 1946 opportunitatem

162 1948 361 2007 benevolentia
374 1947 467 2037 potius
481 1966 565 2023 quarn
580 1949 775 2008 misericordia
792 1965 945 2026 prosequa-

162 2048 236 2121 mur,
251 2038 292 2099 ut,
312 2027 538 2117 quotiescunque
559 2028 595 2086 de
613 2029 770 2087 clarissimo
790 2039 819 2086 et
839 2028 944 2086 beatis·

162 2109 235 2167 simo
261 2108 320 2166 viro
344 2107 513 2184 cogitemus,
542 2106 621 2165 illum
648 2110 741 2186 potius
764 2126 849 2185 quarn
879 2127 945 2166 nos·

139 2201 152 2240 ⁵
163 2199 221 2247 met
230 2187 305 2265 ipsos
314 2187 434 2265 diligere
447 2185 602 2246 videamur.
634 2188 744 2247 Nam
723 2209 747 2247 er
760 2189 790 2246 id
804 2188 942 2260 dolemus,

161 2269 236 2345 quod
249 2287 284 2326 eo
301 2267 360 2344 jam
376 2268 430 2326 frui
444 2267 527 2325 nobis
541 2286 599 2326 non
612 2269 690 2342 licet,
704 2280 830 2327 nostrum
845 2280 888 2326 est
912 2236 943 2326 id

161 2349 279 2420 malum,
299 2348 375 2424 quod
402 2347 516 2406 modice
540 2348 673 2422 feramus,
700 2369 737 2408 ne
764 2350 793 2408 id
820 2369 877 2407 non
906 2349 942 2407 ad

163 2428 319 2488 amicitiem
333 2428 383 2487 sed
398 2429 435 2486 ad
453 2428 639 2488 domesticam
664 2429 814 2488 utilitatem
836 2430 943 2487 referre

161 2509 316 2568 videamur.
367 2508 430 2581 Sin,
461 2519 604 2586 tamquam
632 2510 672 2568 illi
698 2510 750 2588 ipsi
779 2510 944 2568 acerbitatis

162 2589 268 2666 aliquid
284 2588 431 2660 acciderit,
447 2589 589 2667 angimur,
608 2609 748 2649 summam
770 2591 831 2667 ejus
853 2590 944 2648 felici-

162 2682 249 2729 tatem
283 2689 339 2727 non
373 2669 442 2727 satis
475 2683 556 2746 grato
590 2671 685 2729 animo
716 2671 941 2748 interpretamur.

139 2749 203 2810 ⁸11.
226 2749 341 2808 Etenim
356 2748 381 2807 si
394 2749 500 2807 viveret
512 2751 554 2813 Q.
569 2751 750 2823 Hortensius,
775 2762 871 2810 cetera
890 2752 944 2809 lor·

163 2829 485 2889 tassederideraretuna
493 2849 559 2888 curn
571 2831 686 2908 reliquis
695 2831 777 2888 bonis
785 2841 815 2890 et
824 2831 943 2890 sortibus

164 2908 289 2980 civibua;
308 2911 386 2968 hunc
400 2919 449 2967 aut
461 2921 563 2987 praeter
576 2924 689 2970 ceteros
702 2920 751 2969 aut
763 2931 830 2970 cnm
842 2911 944 2988 paucis

163 2988 316 3048 sustineret
329 2989 465 3061 dolorem,
481 3009 548 3048 cum
570 2991 660 3050 sorum
683 2992 780 3069 populi
804 2992 942 3064 Romani,

163 3069 244 3159 quod·
251 3068 350 3128 fuisset
372 3089 453 3147 quasr
445 3071 609 3130 theatrum
633 3071 738 3130 illius
732 3073 849 3151 rngeuii,
870 3090 943 3131 roce

163 3147 276 3209 erudita
301 3158 330 3208 et
353 3150 495 3210 Romanis
520 3151 687 3229 Grecisque
711 3154 826 3212 auribus
852 3152 943 3229 digne

141 3228 327 3321 rspoliatum
348 3240 432 3308 atque
463 3231 594 3292 orbatum
631 3233 747 3294 rideret
799 3232 941 3326 Equidem

166 3328 255 3389 angor
281 3308 377 3370 animo
402 3330 461 3372 non
494 3312 617 3386 consilii,
644 3332 702 3374 non
730 3314 849 3391 ingenii,
881 3332 943 3373 non
