1986 3450
203 218 251 268 nr:
272 217 398 268 cannis
418 212 648 275 enunciamus,
664 218 732 267 cr».
747 218 788 266 or.
850 219 887 279 τι

108 364 202 442 magis
218 364 276 442 jam
291 363 378 422 etiarn
394 363 509 442 rigebat
530 381 597 423 curn
619 362 746 422 Antonio
768 372 799 422 et
820 381 887 422 curn

108 442 239 522 Philippo
250 445 309 522 jam
321 464 389 502 sene
402 463 453 521 pro
462 444 517 501 Cn.
531 443 661 520 Pompeii
672 442 754 501 bonis
764 443 886 503 dicente.

108 522 144 580 In
172 524 220 583 illa
244 545 343 596 causa,
366 525 532 583 adolescens
554 543 621 582 cum
645 533 730 596 esset,
752 524 887 602 princepe

107 604 171 676 snit,
186 605 257 663 etin
273 625 382 676 eorum,
400 625 470 681 quos
492 605 527 662 in.
544 605 665 681 Sulpicii
688 614 771 663 aetate
795 605 886 681 posui,

106 687 259 745 numerum
274 688 358 744 facile
371 695 557 763 pervenerat:
579 699 607 743 et
621 704 686 744 suos
701 686 775 742 inter
795 705 887 760 aequa·

104 766 149 823 les
164 766 205 823 M.
221 767 363 837 Pisonem,
379 767 419 823 M.
434 767 581 836 Crassum,
603 767 657 825 Cn.
673 765 839 836 Lentulum,
854 766 885 823 P.

107 845 265 904 Lentulum
281 848 384 906 Suram
398 848 482 924 longe
505 846 652 922 prestitit:
674 857 702 904 et
724 865 769 903 rne
792 847 886 904 adole·

104 941 236 984 scentem
252 941 352 987 nactus
366 939 431 986 octo
446 928 529 984 annis
544 927 693 996 minorem,
717 945 800 1001 quarn
824 939 885 984 erat

105 1006 177 1082 ipse,
205 1008 307 1066 multos
335 1028 424 1066 annos
450 1009 479 1065 in
507 1007 601 1065 studio
628 1007 754 1083 ejusdem
788 1007 883 1065 laudis

104 1087 251 1145 exercuit:
272 1099 300 1145 et
313 1101 408 1146 tecum
429 1087 513 1145 simul
539 1087 614 1144 sicut
638 1106 692 1164 ego
714 1106 764 1163 pro
788 1087 883 1145 multis

103 1167 148 1223 sic
176 1167 222 1225 ille
248 1186 298 1245 pro
324 1169 419 1245 Appio
447 1167 570 1226 Claudio
596 1167 667 1224 dixit
692 1166 787 1242 paullo
818 1180 883 1225 ante

103 1260 236 1305 mortem.-
465 1298 468 1304 .
497 1296 504 1307 ,.
811 1277 813 1281 ⁴

144 1327 235 1386 LXV.
258 1329 347 1386 Vides
361 1328 457 1406 igitur,
482 1337 513 1385 nt
528 1327 561 1384 ad
577 1337 604 1383 te
618 1333 769 1397 oratorem,
784 1325 882 1398 Brute,
891 1343 930 1384 cal

101 1409 315 1485 pervenerimus
328 1421 385 1466 tarn
401 1407 497 1466 multis
511 1407 585 1464 inter
603 1417 730 1464 nostrum
745 1417 882 1482 tuumque

102 1488 215 1547 initium
231 1489 347 1546 dicendi
370 1485 746 1563 interpositisoratoribusl
767 1505 801 1544 ex
822 1487 883 1560 qni·

101 1567 156 1625 bus
167 1569 301 1643 quoniam
317 1569 345 1624 in
362 1569 416 1624 hoc
431 1586 562 1624 sermone
584 1576 679 1624 nostro
693 1566 778 1624 statui
793 1567 882 1624 nemi·

99 1667 168 1706 nem
184 1667 293 1717 eorum,
307 1648 356 1722 qui
370 1647 506 1718 viverent,
521 1647 677 1717 nominare,
692 1665 728 1704 ne
743 1665 790 1703 ros
806 1647 882 1705 curi·

97 1729 180 1786 osius
194 1727 335 1785 eliceretis
348 1746 383 1784 ex
397 1746 453 1799 me,
462 1727 529 1804 quid
541 1727 577 1784 de
587 1747 698 1804 quoqne
709 1727 878 1804 judicarem,

98 1827 160 1878 eos,
188 1808 236 1883 qui
267 1809 324 1885 jain
359 1819 427 1866 sunt
460 1808 572 1879 mortni,
599 1809 758 1867 nominabo
799 1808 878 1868 Turn

99 1889 217 1961 Brutus,
232 1888 298 1947 Non
313 1901 366 1959 est,
380 1889 481 1964 inquit,
501 1889 555 1947 ista
576 1907 674 1960 causa,
694 1907 778 1964 quarn
793 1889 877 1962 dicis,

98 1971 282 2044 quamobrem
297 1970 332 2027 de
347 1970 391 2040 iis,
405 1969 454 2046 qui
468 1970 586 2040 vivunt,¹
597 1969 667 2027 nihil
688 1970 757 2026 velis
770 1969 875 2029 dicere.

98 2049 243 2110 Qnaenam
259 2050 354 2127 igitur,
368 2044 573 2125 inquam,‘estl
608 2049 708 2107 Vereri
721 2061 759 2121 te,
774 2050 875 2126 inquit,

99 2130 228 2202 arbitror,
243 2149 279 2187 ne
293 2149 341 2206 per
362 2149 414 2188 nos
437 2130 483 2188 bic
505 2149 598 2188 sermo
619 2141 686 2188 tuns
709 2144 832 2200 emanet,
847 2141 877 2188 et

98 2208 120 2268 ii
153 2211 203 2268 tibi
230 2219 431 2281 succenseant,
457 2229 528 2286 quos
554 2209 730 2286 preterieris.
770 2210 876 2273 Quidl

97 2308 155 2362 ros,
171 2291 297 2366 inquam,
312 2300 408 2349 tacere
422 2309 479 2348 non
492 2290 641 2367 poteritisl
674 2289 737 2349 Nos
749 2291 874 2366 quidem,

97 2369 198 2445 inquit,
221 2371 375 2429 facillime:
397 2371 447 2428 sed
474 2381 569 2427 tamen
597 2382 626 2428 te
650 2371 769 2428 arbitror
790 2368 875 2426 malle

95 2450 188 2526 ipsum
203 2467 298 2509 tacere
312 2471 398 2527 quarn
412 2450 635 2508 taciturnitatem
652 2463 777 2509 nostram
791 2467 876 2524 expe-

95 2531 155 2589 riri.
196 2531 274 2591 Turn
307 2552 371 2610 ego,
406 2532 493 2602 Vere,
526 2530 653 2606 inquam,
678 2531 741 2601 tibi,
775 2529 924 2602 Brotean

95 2611 207 2669 dicam:
223 2633 280 2671 non
295 2632 340 2670 me
355 2611 514 2670 existimavi
529 2611 558 2668 in
573 2612 628 2670 hoc
639 2628 769 2669 sermone
784 2628 874 2686 nsque

95 2691 132 2749 ad
147 2692 222 2750 hanc
242 2704 353 2752 aetatern
375 2711 438 2750 esse
463 2704 631 2751 venturum:
652 2691 702 2749 sed
729 2690 768 2745 ita
789 2692 874 2750 traxit

92 2772 163 2831 ordo
177 2784 291 2833 etatum
305 2773 472 2844 orationem,
487 2787 517 2831 ut
528 2773 588 2849 jam
600 2773 635 2829 ad
649 2771 773 2827 minores
785 2771 870 2830 etiam

91 2854 278 2929 pervenerim.
320 2851 473 2929 Interpone
500 2853 596 2930 igitur,
627 2849 727 2925 inquit,
752 2849 776 2908 si
801 2873 871 2928 quoa

92 2933 220 2992 ridetur:
242 2931 347 2990 deinde
361 2934 510 2992 redeamus
524 2935 560 2991 ad
574 2944 603 2991 te
617 2940 646 2988 et
666 2928 701 2987 ad
724 2929 872 2992 Hortensi·

94 3033 151 3071 um.
193 3016 374 3083 lrnmorero,
399 3012 525 3091 inquam,
550 3013 585 3071 ad
610 3010 813 3071 Hortensium:
834 3013 870 3069 de

94 3113 139 3152 me
154 3094 202 3152 alii
217 3095 324 3166 dicent,
339 3093 425 3169 siqui
451 3096 552 3153 volent.
595 3090 716 3150 Minime
739 3091 873 3163 vero‚·in·
