1986 3450
186 217 233 264 DE
261 217 388 266 CLARIS
407 217 726 274 ORAT0R113US,ca1›.
743 219 783 265 48.
844 216 884 276 47

90 361 167 437 quod
181 381 248 420 cum
262 382 312 439 per
326 382 357 420 se
371 361 526 420 dolendum
541 374 586 421 est
609 373 671 421 tum
685 361 775 420 multo
789 360 884 438 magis

92 441 296 514 consideranti,
312 443 359 499 ad
362 462 432 517 quos
448 443 502 500 ista
516 462 573 501 non
594 444 734 502 translata
749 441 815 512 sint,
830 442 882 499 sed

92 523 191 580 nescio
204 543 260 613 quo
272 535 357 600 pacto
371 523 546 581 devenerint.
579 523 638 582 Hic
653 522 781 601 Atticus,
795 520 882 580 Dixe-

92 622 153 660 ram
157 603 283 695 ,inquit
298 603 478 680 aprincipio,
492 605 528 661 de
553 591 723 696 republica
742 614 772 660 ut
787 602 882 660 silere-

94 701 174 740 mus:
196 685 293 760 itaque
308 684 467 742 faciamus:
489 704 557 742 nam
577 685 601 742 si
625 685 679 742 isto
703 683 789 741 modo
805 682 897 740 volu·

94 782 158 820 mus
173 765 303 841 singulas
317 784 362 821 res
382 765 555 836 desiderare,
570 785 627 823 non
642 765 726 822 modo
740 762 880 841 querendi

94 844 145 901 scd
160 864 198 901 ne
212 845 330 922 lugendi
344 845 457 921 quidem
472 846 559 903 finem
578 847 761 922 reperiemus.

134 924 251 981 XLIII.
274 925 429 1004 Pergamus
453 945 530 1004 ergo,
554 926 679 1002 inquam,
701 927 736 983 ad
761 925 880 1001 reliqua,
892 937 932 978 158

94 1014 123 1062 et
153 1004 313 1062 institutum
339 1008 469 1065 ordinem
503 1026 729 1083 persequamur
758 1005 882 1063 Paratus

96 1083 183 1161 igitur
203 1086 333 1144 veniebat
358 1087 490 1157 Cressae,
504 1088 743 1164 exspectabatur,
748 1086 882 1144 audieba-

96 1174 150 1223 tur.
176 1167 221 1222 -A
247 1167 387 1243 principio
412 1170 517 1238 statIm,
532 1169 606 1243 quod
631 1178 693 1224 erat
717 1166 789 1242 apud
815 1185 882 1222 eum

97 1264 208 1321 semper
224 1260 389 1305 accuratum
394 1249 628 1339 ,exspectatione
649 1247 754 1322 dignus
768 1245 883 1302 videba-

97 1336 163 1383 tur:
184 1346 243 1384 non
257 1329 367 1386 multa
357 1330 477 1404 jactatio
493 1327 637 1405 corporis
652 1346 709 1383 non
736 1325 884 1383 inclinatio

97 1406 185 1473 nocie,
211 1408 290 1464 nulla
317 1409 514 1478 inambulatio,
534 1428 592 1464 non
617 1407 718 1464 crebra
742 1404 885 1496 supplosio

98 1487 192 1562 pedis:
213 1490 368 1546 vehemens
382 1500 411 1545 e
400 1454 590 1545 tinterdum
583 1497 655 1544 rrata
669 1497 698 1544 et
711 1487 796 1562 plena
814 1485 884 1561 justi

98 1566 202 1624 doloris
215 1569 324 1638 oratio;
347 1569 486 1627 multaret
506 1588 572 1625 cum
593 1567 730 1645 gravitate
752 1566 884 1630 facetia:

96 1647 231 1722 quodque
246 1647 362 1705 difficile
376 1660 428 1720 est,
444 1649 519 1705 idem
545 1658 573 1706 et
594 1657 761 1725 perornatus
782 1657 811 1704 et
824 1666 886 1724 per·

99 1727 203 1786 brevis.
246 1726 310 1803 Jam
327 1729 355 1785 in
371 1729 535 1786 altercando
558 1729 665 1786 invenit
683 1746 780 1806 parem
792 1727 935 1786 nemi-159

99 1826 187 1877 nem3
209 1819 337 1866 versatus
350 1821 394 1867 est
416 1810 444 1868 in
469 1809 547 1868 omni
572 1809 630 1867 fere
654 1828 760 1887 genere
784 1827 886 1867 causa·

99 1890 184 1957 rum3
215 1899 324 1948 mature
358 1891 388 1947 iu
423 1891 517 1948 locum
551 1889 713 1966 principum
740 1899 886 1947 oratorum

98 1969 187 2025 venit.
228 1971 386 2034 Accusavit
400 1972 434 2032 C.
447 1971 609 2030 Carbonem
623 1970 884 2047 eloquentissimum

100 2049 245 2107 hominem
266 2051 416 2109 admodum
438 2053 624 2110 adolescens:
646 2055 786 2109 summam
807 2050 887 2128 inge-

101 2129 144 2187 nii
159 2149 214 2187 non
235 2130 349 2189 laudem
374 2133 458 2190 modo
481 2133 531 2190 sed
556 2132 643 2188 etiam
668 2130 886 2189 admirationem

99 2218 145 2266 est
159 2224 339 2272 consecutus
382 2212 519 2270 Defendit
532 2224 631 2288 postea
640 2209 826 2270 Liciniam'
802 2209 887 2287 virgi·
874 2219 936 2259 -160

102 2309 180 2360 nem,
194 2311 260 2349 cum
286 2313 375 2350 annos
396 2312 482 2350 xxvn
497 2303 581 2350 natus
602 2304 690 2350 esset:
712 2292 741 2348 in
766 2311 801 2349 ea
825 2291 887 2378 ipsa

102 2389 191 2428 causa
225 2373 277 2431 fuit
310 2373 567 2450 eloquentissimus,
600 2372 792 2448 orationisque
824 2368 888 2444 ejus

103 2450 223 2527 scriptas
246 2455 383 2528 quasdam
410 2464 505 2531 partes
532 2452 653 2537 reliquit
694 2451 793 2524 Voluit
821 2449 889 2506 ado·

101 2529 236 2589 lescens
229 2552 258 2589 rn
283 2535 395 2593 colonia
417 2533 602 2593 Narbonensi
625 2553 719 2592 causae
743 2517 887 2607 popularis

103 2611 211 2685 aliquid
227 2613 365 2691 attingere
379 2635 499 2692 eamque
523 2614 674 2686 coloniam,
689 2624 720 2672 ut
734 2609 833 2680 fecit,
826 2629 887 2702 rpse

102 2693 258 2750 deducere.
299 2694 421 2753 Exstat
414 2716 444 2753 m
468 2715 532 2754 eam
556 2696 650 2772 legem
674 2688 778 2762 senior,
792 2701 823 2748 ut
847 2691 888 2749 ita

103 2773 211 2844 dicam,
234 2792 318 2849 quam
342 2776 391 2833 illa
414 2787 483 2836 aetas
503 2776 621 2846 serebat,
646 2774 744 2833 oratio.
786 2771 887 2832 Multae

102 2852 211 2911 deinde
238 2874 352 2925 causae3
380 2859 430 2915 sed
453 2858 506 2916 ita
517 2857 624 2915 tacitus
650 2854 820 2925 tribunatus,
846 2862 887 2924 ut,

104 2933 160 2991 nisi
175 2935 204 2992 in
219 2954 253 2992 eo
267 2936 433 3014 magistratu
447 2937 618 2996 coenavisset
634 2934 712 3026 apud
726 2951 888 3012 preconem

102 3013 256 3085 Granium,
272 3016 357 3094 idque
379 3017 422 3076 bis
446 3018 527 3078 nobis
551 3015 724 3076 narravisset
748 3013 895 3082 Lucilius,

102 3093 249 3155 tribunum
264 3098 356 3175 plebis
367 3117 545 3159 nesciremus
569 3097 667 3158 luisse
706 3097 952 3172 bapismus&
