1986 3450
191 211 239 261 DE
261 211 388 263 CLARIS
409 211 640 276 ottarotthS,
657 214 727 263 Car.
742 215 781 265 96.
827 215 884 275 105

94 356 181 415 bebat
189 358 264 416 enim
274 371 303 416 et
314 358 490 419 Meneclium
502 359 572 418 illud
582 360 707 419 studium
718 361 881 419 crebrarum

95 451 335 515 venustarumque
350 440 565 505 sententiarum,
581 440 727 517 inquibus
742 454 773 500 ut
791 442 819 499 in
835 441 883 498 illo

94 521 201 579 Graeco
221 521 264 578 sic
288 523 316 578 in
332 521 387 578 lroc
401 533 483 579 erant
496 521 626 598 quiedam
648 522 740 599 magis
756 533 895 582 venustae.

94 601 251 677 dulcesque
265 601 414 661 sententie
428 622 512 679 quam
533 613 582 661 aut
597 604 765 662 necessarie
781 618 830 663 aut
841 604 882 660 in·

94 682 207 741 tardum
228 682 329 753 utilem
351 693 380 740 et
403 696 464 740 erat
477 681 567 741 oratio
581 703 648 741 oum
664 683 782 741 incitata
798 695 832 742 et
844 683 882 741 ri·

95 762 181 820 brana
200 774 260 821 tum
276 763 361 828 etiam
377 774 512 822 accurata
523 766 554 822 vet
568 764 662 840 polita.
700 763 766 822 Non
782 765 882 840 proba·

95 843 201 902 bantur
216 845 279 902 haec
294 843 418 904 senibus.
448 845 531 920 Saepe
541 845 672 902 videbam
685 865 751 904 cum
764 846 882 903 irriden-

94 933 154 981 tem
163 937 222 981 tum
232 923 318 985 etiam
328 925 534 982 irascentemet
543 927 768 984 stomachantem
777 925 885 1003 Philip·

94 1023 181 1081 puna:
194 1004 243 1062 sed
254 1004 429 1064 mirabantur
439 1006 644 1076 adolescentes,
658 1007 809 1065 multitudo
822 1016 881 1064 mo-

95 1085 223 1144 vebatur.
249 1084 319 1142 Erat
327 1087 471 1144 excellens
479 1086 725 1163 judiciovaulglffit
734 1087 817 1145 facile
826 1087 880 1163 pri·
891 1110 930 1150 aar

95 1183 157 1222 mas
172 1166 286 1224 tenebat
301 1166 476 1224 adolescens.
497 1218 500 1225 ,
519 1165 582 1223 Etsi
596 1166 684 1222 'enim
704 1186 801 1242 genus
809 1167 880 1226 illud
932 1200 937 1207 -

94 1245 211 1304 dicendi
223 1247 399 1306 auctoritatis
413 1247 538 1305 babebat
552 1263 663 1322 parum,
675 1257 772 1326 tameo
784 1258 881 1322 aptum

95 1345 159 1383 esse
173 1328 249 1386 etati
274 1327 441 1386 videbatur:
463 1339 493 1385 et
517 1337 606 1397 certe,
620 1326 696 1400 quod
718 1337 750 1384 -et
772 1327 881 1402 ingenii

94 1409 227 1483 quadam
242 1408 332 1466 forma
346 1408 471 1478 lucebat,
486 1416 515 1464 et
537 1405 741 1464 exercitatione
754 1409 896 1484 perlecta

95 1499 167 1559 erat,
181 1489 392 1562 verborumque
402 1487 546 1556 adstricta*
564 1488 791 1562 comprehensio,
805 1507 881 1559 sum·

95 1586 173 1624 marn
202 1569 351 1624 homiuum
379 1567 594 1630 admirationem
626 1567 779 1626 excitabat.
821 1568 880 1627 Sed

93 1665 163 1705 cum
176 1647 234 1723 jam
251 1649 372 1705 honores
385 1659 414 1705 et
429 1648 476 1706 llla
490 1648 584 1706 senior
596 1647 751 1706 auctoritas
765 1649 880 1726 gravius

93 1727 232 1805 quiddam
255 1727 421 1803 requireret,
436 1729 602 1785 remanebat
622 1728 709 1799 idem,
723 1748 778 1788 nec
797 1729 880 1788 dece·

94 1809 145 1866 bat
170 1807 263 1867 idem:
285 1808 416 1884 quodque
437 1809 672 1867 exercitationem
696 1811 879 1887 studi-umque

93 1887 251 1959 dimiserat,
266 1889 341 1963 quod
357 1890 385 1947 irr
398 1909 434 1948 eo
447 1889 541 1949 fuerat
565 1889 747 1962 acerrimum,
763 1887 880 1949 connin-

94 1970 170 2028 nitas
184 1969 233 2027 illa
246 1970 439 2045 'crebritasque
458 1970 666 2029 sententiarum
688 1970 806 2046 pristina
821 1991 880 2030 ma·

94 2050 192 2121 nebat,
204 2050 253 2108 sed
268 2070 304 2108 ea
316 2051 483 2109 vestituillo
496 2051 710 2126 orationisque
724 2071 879 2111 consuere·

94 2142 149 2201 rat,
164 2143 264 2189 ornata
278 2141 416 2205 nouerat
454 2131 520 2189 Hoc
534 2131 586 2188 tibi
601 2131 658 2201 ille,
671 2131 768 2202 litate,
784 2134 879 2191 minus

94 2211 212 2269 sortasse
224 2211 341 2288 placuit,
355 2229 440 2287 quam
450 2211 616 2288 placuisset,
630 2210 655 2267 si
667 2211 745 2270 illum
758 2211 879 2290 flagran-

94 2302 153 2349 tem
164 2292 259 2350 studio
270 2303 298 2349 et
309 2291 455 2349 florentem
471 2292 608 2349 facultate
620 2291 718 2351 audire
730 2295 877 2368 potuisses.

94 2372 208 2432 XCVI.
229 2371 306 2431 Tum
330 2373 444 2442 Brutus,
468 2371 532 2448 Ego
553 2390 627 2444 raro,
647 2372 747 2448 inquit,
762 2382 790 2428 et
812 2371 926 2442 istam

93 2473 158 2529 quae
172 2452 255 2523 dicis,
271 2453 361 2523 video,
376 2452 472 2528 qualia
486 2453 552 2520 sint,
567 2461 595 2509 et
610 2452 804 2518 ¹Hortensium
819 2469 878 2508 ma·

93 2551 185 2611 gnum
198 2543 337 2591 oratorem
359 2552 473 2609 semper
494 2532 601 2608 putavi,
617 2533 794 2604 maximeque
816 2550 877 2606 pro·

94 2614 159 2672 bavi
174 2633 225 2690 pro
238 2612 363 2671 Messala
377 2614 532 2687 dicentem,
548 2632 613 2671 com
629 2617 659 2670 tu
675 2611 797 2670 abfuisti.
827 2613 877 2671 Sic

94 2695 199 2766 lerunt,
209 2695 335 2769 inquam,
347 2694 431 2770 idque
441 2694 568 2751 declarat
578 2693 707 2760 totidem,
716 2701 784 2766 quot
795 2692 876 2765 dixit,

94 2787 127 2834 ut
141 2774 231 2845 aiunt,
247 2775 352 2850 scripta
363 2775 564 2835 verbisoratio.
597 2773 674 2849 Ergo
686 2772 732 2828 ille
745 2791 760 2829 a
772 2773 877 2833 Crasso

94 2855 214 2914 consule
228 2868 256 2911 et
271 2856 399 2913 Sca-vola
411 2876 502 2931 usque
514 2857 549 2914 ad
566 2853 696 2912 Paullum
712 2865 740 2909 et
755 2852 877 2912 Marcel·

94 2936 154 2995 lum
169 2936 302 2994 consules
317 2934 426 2995 floruit:
447 2955 499 2994 rios
511 2937 540 2995 in
554 2935 655 2993 eodem
669 2952 754 2993 cursu
770 2935 876 2994 suimus

94 3035 113 3075 a
126 3017 209 3076 Sulla
223 3017 364 3074 dictatore
378 3015 413 3073 ad
427 3018 543 3076 eosdem
569 3015 627 3082 lere
641 3015 783 3074 consules.
825 3013 876 3071 Sic

92 3095 134 3162 Q.
150 3096 299 3156 Hortensii
318 3116 371 3155 vox
392 3096 534 3156 exstincta
559 3093 616 3154 lato
640 3114 693 3155 suo
713 3106 767 3168 eat,
780 3101 877 3154 nostra
