<?xml version="1.0" encoding="UTF-8"?>
<!DOCTYPE html PUBLIC "-//W3C//DTD XHTML 1.0 Transitional//EN"
    "http://www.w3.org/TR/xhtml1/DTD/xhtml1-transitional.dtd">
<html xmlns="http://www.w3.org/1999/xhtml" xml:lang="en" lang="en">
 <head>
  <title>
</title>
<meta http-equiv="Content-Type" content="text/html;charset=utf-8" />
  <meta name='ocr-system' content='tesseract 3.04.00' />
  <meta name='ocr-capabilities' content='ocr_page ocr_carea ocr_par ocr_line ocrx_word'/>
</head>
<body>
  <div class='ocr_page' id='page_1' title='image "./declarisoratori00cicegoog_0061.png"; bbox 0 0 1986 3450; ppageno 0'>
   <div class='ocr_carea' id='block_1_1' title="bbox 145 259 832 321">
    <p class='ocr_par' dir='ltr' id='par_1_1' title="bbox 145 259 832 321">
     <span class='ocr_line' id='line_1_1' title="bbox 145 259 832 321; baseline 0 -12"><span class='ocrx_word' id='word_1_1' title='bbox 145 262 185 321; x_wconf 81' lang='grc'><strong>44</strong></span> <span class='ocrx_word' id='word_1_2' title='bbox 244 259 291 309; x_wconf 89' lang='lat' dir='ltr'><strong>DE</strong></span> <span class='ocrx_word' id='word_1_3' title='bbox 314 260 440 310; x_wconf 87' lang='lat' dir='ltr'>CLARIS</span> <span class='ocrx_word' id='word_1_4' title='bbox 462 259 832 318; x_wconf 71' lang='lat' dir='ltr'><strong>ORATORIBUS,cr1›.4o.</strong></span> 
     </span>
    </p>
   </div>
   <div class='ocr_carea' id='block_1_2' title="bbox 51 405 931 2816">
    <p class='ocr_par' dir='ltr' id='par_1_2' title="bbox 146 405 931 483">
     <span class='ocr_line' id='line_1_2' title="bbox 146 405 931 483; baseline -0.003 -17"><span class='ocrx_word' id='word_1_5' title='bbox 146 406 305 466; x_wconf 82' lang='lat' dir='ltr'><strong>Scaevolam</strong></span> <span class='ocrx_word' id='word_1_6' title='bbox 319 425 354 465; x_wconf 86' lang='lat' dir='ltr'><strong>err</strong></span> <span class='ocrx_word' id='word_1_7' title='bbox 368 407 403 465; x_wconf 89' lang='lat' dir='ltr'><strong>iis</strong></span> <span class='ocrx_word' id='word_1_8' title='bbox 421 406 515 479; x_wconf 90' lang='lat' dir='ltr'><strong>rebus,</strong></span> <span class='ocrx_word' id='word_1_9' title='bbox 531 424 601 482; x_wconf 90' lang='lat' dir='ltr'><strong>quas</strong></span> <span class='ocrx_word' id='word_1_10' title='bbox 622 405 773 464; x_wconf 87' lang='lat' dir='ltr'>audiebam</span> <span class='ocrx_word' id='word_1_11' title='bbox 795 425 873 483; x_wconf 87' lang='lat' dir='ltr'><strong>saepe</strong></span> <span class='ocrx_word' id='word_1_12' title='bbox 893 426 931 465; x_wconf 84' lang='lat' dir='ltr'><strong>ex</strong></span> 
     </span>
    </p>

    <p class='ocr_par' dir='ltr' id='par_1_3' title="bbox 73 485 930 1287">
     <span class='ocr_line' id='line_1_3' title="bbox 73 485 929 564; baseline -0.002 -18"><span class='ocrx_word' id='word_1_13' title='bbox 73 540 76 552; x_wconf 80' lang='grc'>,</span> <span class='ocrx_word' id='word_1_14' title='bbox 146 487 181 546; x_wconf 86' lang='lat' dir='ltr'><strong>C.</strong></span> <span class='ocrx_word' id='word_1_15' title='bbox 197 485 319 559; x_wconf 88' lang='lat' dir='ltr'><strong>Rutilio,</strong></span> <span class='ocrx_word' id='word_1_16' title='bbox 339 507 394 564; x_wconf 92' lang='lat' dir='ltr'><strong>quo</strong></span> <span class='ocrx_word' id='word_1_17' title='bbox 416 487 547 544; x_wconf 88' lang='lat' dir='ltr'><strong>utebatur</strong></span> <span class='ocrx_word' id='word_1_18' title='bbox 569 497 684 563; x_wconf 51' lang='lat' dir='ltr'><strong>propter¹</strong></span> <span class='ocrx_word' id='word_1_19' title='bbox 706 487 929 544; x_wconf 78' lang='lat' dir='ltr'><strong>familiaritatem</strong></span> 
     </span>
     <span class='ocr_line' id='line_1_4' title="bbox 146 567 930 644; baseline 0 -19"><span class='ocrx_word' id='word_1_20' title='bbox 146 567 282 628; x_wconf 71' lang='lat' dir='ltr'><strong>Scaevolae</strong></span> <span class='ocrx_word' id='word_1_21' title='bbox 304 567 420 639; x_wconf 53' lang='lat' dir='ltr'><strong>nostrl*</strong></span> <span class='ocrx_word' id='word_1_22' title='bbox 444 579 537 625; x_wconf 89' lang='lat' dir='ltr'><strong>tamen</strong></span> <span class='ocrx_word' id='word_1_23' title='bbox 560 567 613 624; x_wconf 85' lang='lat' dir='ltr'><strong>ista</strong></span> <span class='ocrx_word' id='word_1_24' title='bbox 634 567 704 623; x_wconf 91' lang='lat' dir='ltr'><strong>mihi</strong></span> <span class='ocrx_word' id='word_1_25' title='bbox 728 567 789 644; x_wconf 89' lang='lat' dir='ltr'><strong>ejus</strong></span> <span class='ocrx_word' id='word_1_26' title='bbox 810 569 930 626; x_wconf 90' lang='lat' dir='ltr'><strong>dicendi</strong></span> 
     </span>
     <span class='ocr_line' id='line_1_5' title="bbox 145 647 929 724; baseline 0 -18"><span class='ocrx_word' id='word_1_27' title='bbox 145 657 225 707; x_wconf 87' lang='lat' dir='ltr'><strong>tanta</strong></span> <span class='ocrx_word' id='word_1_28' title='bbox 240 650 301 707; x_wconf 87' lang='lat' dir='ltr'><strong>laus</strong></span> <span class='ocrx_word' id='word_1_29' title='bbox 316 662 383 705; x_wconf 90' lang='lat' dir='ltr'><strong>nota</strong></span> <span class='ocrx_word' id='word_1_30' title='bbox 396 668 453 706; x_wconf 91' lang='lat' dir='ltr'><strong>non</strong></span> <span class='ocrx_word' id='word_1_31' title='bbox 476 657 545 705; x_wconf 90' lang='lat' dir='ltr'><strong>crat.</strong></span> <span class='ocrx_word' id='word_1_32' title='bbox 588 647 690 724; x_wconf 89' lang='lat' dir='ltr'><strong>Itaque</strong></span> <span class='ocrx_word' id='word_1_33' title='bbox 711 649 773 724; x_wconf 89' lang='lat' dir='ltr'><strong>cepi</strong></span> <span class='ocrx_word' id='word_1_34' title='bbox 799 650 929 724; x_wconf 86' lang='lat' dir='ltr'><strong>volupta-</strong></span> 
     </span>
     <span class='ocr_line' id='line_1_6' title="bbox 144 727 930 806; baseline -0.001 -19"><span class='ocrx_word' id='word_1_35' title='bbox 144 738 202 787; x_wconf 89' lang='lat' dir='ltr'><strong>tem</strong></span> <span class='ocrx_word' id='word_1_36' title='bbox 217 741 274 787; x_wconf 85' lang='lat' dir='ltr'><strong>tam</strong></span> <span class='ocrx_word' id='word_1_37' title='bbox 289 740 419 786; x_wconf 89' lang='lat' dir='ltr'><strong>ornatum</strong></span> <span class='ocrx_word' id='word_1_38' title='bbox 430 727 522 784; x_wconf 72' lang='lat' dir='ltr'><strong>uirum</strong></span> <span class='ocrx_word' id='word_1_39' title='bbox 548 737 662 804; x_wconf 89' lang='lat' dir='ltr'><strong>tamque</strong></span> <span class='ocrx_word' id='word_1_40' title='bbox 684 729 829 786; x_wconf 78' lang='lat' dir='ltr'><strong>excellens</strong></span> <span class='ocrx_word' id='word_1_41' title='bbox 851 730 930 806; x_wconf 83' lang='lat' dir='ltr'><strong>inge·</strong></span> 
     </span>
     <span class='ocr_line' id='line_1_7' title="bbox 94 806 928 885; baseline 0.001 -19"><span class='ocrx_word' id='word_1_42' title='bbox 94 810 225 868; x_wconf 71' lang='lat' dir='ltr'><strong>lienium</strong></span> <span class='ocrx_word' id='word_1_43' title='bbox 240 809 326 866; x_wconf 87' lang='lat' dir='ltr'><strong>fuisse</strong></span> <span class='ocrx_word' id='word_1_44' title='bbox 341 810 370 866; x_wconf 88' lang='lat' dir='ltr'><strong>in</strong></span> <span class='ocrx_word' id='word_1_45' title='bbox 385 819 479 866; x_wconf 88' lang='lat' dir='ltr'><strong>nostra</strong></span> <span class='ocrx_word' id='word_1_46' title='bbox 493 827 523 864; x_wconf 89' lang='lat' dir='ltr'><strong>re</strong></span> <span class='ocrx_word' id='word_1_47' title='bbox 537 806 659 883; x_wconf 88' lang='lat' dir='ltr'><strong>publica.</strong></span> <span class='ocrx_word' id='word_1_48' title='bbox 702 809 760 866; x_wconf 93' lang='lat' dir='ltr'><strong>Hic</strong></span> <span class='ocrx_word' id='word_1_49' title='bbox 767 829 834 885; x_wconf 13' lang='lat' dir='ltr'><strong>nego,</strong></span> <span class='ocrx_word' id='word_1_50' title='bbox 848 809 928 881; x_wconf 85' lang='lat' dir='ltr'><strong>Noli,</strong></span> 
     </span>
     <span class='ocr_line' id='line_1_8' title="bbox 144 889 928 966; baseline -0.001 -19"><span class='ocrx_word' id='word_1_51' title='bbox 144 890 271 966; x_wconf 92' lang='lat' dir='ltr'><strong>inquam,</strong></span> <span class='ocrx_word' id='word_1_52' title='bbox 286 889 381 958; x_wconf 87' lang='lat' dir='ltr'><strong>Brute,</strong></span> <span class='ocrx_word' id='word_1_53' title='bbox 396 889 558 946; x_wconf 80' lang='lat' dir='ltr'><strong>existimare</strong></span> <span class='ocrx_word' id='word_1_54' title='bbox 581 889 624 945; x_wconf 88' lang='lat' dir='ltr'><strong>his</strong></span> <span class='ocrx_word' id='word_1_55' title='bbox 646 889 756 946; x_wconf 92' lang='lat' dir='ltr'><strong>duobus</strong></span> <span class='ocrx_word' id='word_1_56' title='bbox 770 890 928 966; x_wconf 80' lang='lat' dir='ltr'><strong>quidquam</strong></span> 
     </span>
     <span class='ocr_line' id='line_1_9' title="bbox 145 966 928 1045; baseline 0 -18"><span class='ocrx_word' id='word_1_57' title='bbox 145 966 231 1028; x_wconf 80' lang='lat' dir='ltr'><strong>luisse</strong></span> <span class='ocrx_word' id='word_1_58' title='bbox 259 970 288 1026; x_wconf 90' lang='lat' dir='ltr'><strong>in</strong></span> <span class='ocrx_word' id='word_1_59' title='bbox 317 980 410 1026; x_wconf 87' lang='lat' dir='ltr'><strong>nostra</strong></span> <span class='ocrx_word' id='word_1_60' title='bbox 438 969 554 1026; x_wconf 87' lang='lat' dir='ltr'><strong>civitate</strong></span> <span class='ocrx_word' id='word_1_61' title='bbox 580 970 778 1045; x_wconf 84' lang='lat' dir='ltr'><strong>praestantius:</strong></span> <span class='ocrx_word' id='word_1_62' title='bbox 801 976 869 1027; x_wconf 88' lang='lat' dir='ltr'><strong>nam</strong></span> <span class='ocrx_word' id='word_1_63' title='bbox 897 980 928 1027; x_wconf 90' lang='lat' dir='ltr'><strong>ut</strong></span> 
     </span>
     <span class='ocr_line' id='line_1_10' title="bbox 143 1048 929 1133; baseline 0 -26"><span class='ocrx_word' id='word_1_64' title='bbox 143 1049 238 1133; x_wconf 89' lang='lat' dir='ltr'><strong>paullo</strong></span> <span class='ocrx_word' id='word_1_65' title='bbox 262 1061 326 1106; x_wconf 88' lang='lat' dir='ltr'><strong>autc</strong></span> <span class='ocrx_word' id='word_1_66' title='bbox 346 1048 407 1106; x_wconf 86' lang='lat' dir='ltr'><strong>dixi</strong></span> <span class='ocrx_word' id='word_1_67' title='bbox 426 1050 621 1106; x_wconf 89' lang='lat' dir='ltr'><strong>consultorum</strong></span> <span class='ocrx_word' id='word_1_68' title='bbox 637 1049 755 1106; x_wconf 89' lang='lat' dir='ltr'><strong>alterum</strong></span> <span class='ocrx_word' id='word_1_69' title='bbox 776 1049 929 1107; x_wconf 66' lang='lat' dir='ltr'><strong>disertissi⁴</strong></span> 
     </span>
     <span class='ocr_line' id='line_1_11' title="bbox 144 1129 926 1204; baseline 0.001 -17"><span class='ocrx_word' id='word_1_70' title='bbox 144 1148 222 1189; x_wconf 92' lang='lat' dir='ltr'><strong>mum</strong></span> <span class='ocrx_word' id='word_1_71' title='bbox 236 1131 402 1188; x_wconf 83' lang='lat' dir='ltr'><strong>disertorum</strong></span> <span class='ocrx_word' id='word_1_72' title='bbox 419 1129 547 1187; x_wconf 33' lang='lat' dir='ltr'><strong>alterum*</strong></span> <span class='ocrx_word' id='word_1_73' title='bbox 561 1130 803 1187; x_wconf 89' lang='lat' dir='ltr'><strong>consultissimum</strong></span> <span class='ocrx_word' id='word_1_74' title='bbox 827 1130 926 1204; x_wconf 81' lang='lat' dir='ltr'><strong>fuisse,</strong></span> 
     </span>
     <span class='ocr_line' id='line_1_12' title="bbox 143 1209 928 1287; baseline 0.001 -19"><span class='ocrx_word' id='word_1_75' title='bbox 143 1209 236 1269; x_wconf 91' lang='lat' dir='ltr'><strong>sicin</strong></span> <span class='ocrx_word' id='word_1_76' title='bbox 258 1210 374 1287; x_wconf 89' lang='lat' dir='ltr'><strong>reliquis</strong></span> <span class='ocrx_word' id='word_1_77' title='bbox 398 1210 483 1267; x_wconf 90' lang='lat' dir='ltr'><strong>rebus</strong></span> <span class='ocrx_word' id='word_1_78' title='bbox 507 1210 546 1267; x_wconf 88' lang='lat' dir='ltr'><strong>ita</strong></span> <span class='ocrx_word' id='word_1_79' title='bbox 570 1209 721 1267; x_wconf 85' lang='lat' dir='ltr'><strong>dissimiles</strong></span> <span class='ocrx_word' id='word_1_80' title='bbox 745 1220 827 1268; x_wconf 91' lang='lat' dir='ltr'><strong>eraut</strong></span> <span class='ocrx_word' id='word_1_81' title='bbox 852 1211 928 1269; x_wconf 89' lang='lat' dir='ltr'><strong>iuter</strong></span> 
     </span>
    </p>

    <p class='ocr_par' dir='ltr' id='par_1_4' title="bbox 51 1290 928 2816">
     <span class='ocr_line' id='line_1_13' title="bbox 51 1290 928 1368; baseline 0.001 -20"><span class='ocrx_word' id='word_1_82' title='bbox 51 1316 57 1335; x_wconf 86' lang='lat'>·</span> <span class='ocrx_word' id='word_1_83' title='bbox 143 1309 215 1362; x_wconf 89' lang='lat' dir='ltr'><strong>sese,</strong></span> <span class='ocrx_word' id='word_1_84' title='bbox 240 1303 363 1349; x_wconf 84' lang='lat' dir='ltr'><strong>statuere</strong></span> <span class='ocrx_word' id='word_1_85' title='bbox 386 1301 417 1347; x_wconf 90' lang='lat' dir='ltr'><strong>ut</strong></span> <span class='ocrx_word' id='word_1_86' title='bbox 442 1301 538 1348; x_wconf 88' lang='lat' dir='ltr'><strong>tamen</strong></span> <span class='ocrx_word' id='word_1_87' title='bbox 565 1310 622 1348; x_wconf 89' lang='lat' dir='ltr'><strong>non</strong></span> <span class='ocrx_word' id='word_1_88' title='bbox 648 1310 754 1368; x_wconf 88' lang='lat' dir='ltr'><strong>posses,</strong></span> <span class='ocrx_word' id='word_1_89' title='bbox 779 1290 872 1348; x_wconf 87' lang='lat' dir='ltr'><strong>utrius</strong></span> <span class='ocrx_word' id='word_1_90' title='bbox 899 1301 928 1349; x_wconf 84' lang='lat' dir='ltr'><strong>tc</strong></span> 
     </span>
     <span class='ocr_line' id='line_1_14' title="bbox 143 1370 928 1448; baseline 0.001 -20"><span class='ocrx_word' id='word_1_91' title='bbox 143 1371 241 1430; x_wconf 86' lang='lat' dir='ltr'><strong>malles</strong></span> <span class='ocrx_word' id='word_1_92' title='bbox 255 1371 427 1430; x_wconf 83' lang='lat' dir='ltr'><strong>similiorem.</strong></span> <span class='ocrx_word' id='word_1_93' title='bbox 464 1373 585 1430; x_wconf 87' lang='lat' dir='ltr'><strong>Crassus</strong></span> <span class='ocrx_word' id='word_1_94' title='bbox 600 1382 661 1428; x_wconf 89' lang='lat' dir='ltr'><strong>erat</strong></span> <span class='ocrx_word' id='word_1_95' title='bbox 675 1370 851 1448; x_wconf 87' lang='lat' dir='ltr'><strong>elegantium</strong></span> <span class='ocrx_word' id='word_1_96' title='bbox 865 1389 928 1447; x_wconf 88' lang='lat' dir='ltr'><strong>par·</strong></span> 
     </span>
     <span class='ocr_line' id='line_1_15' title="bbox 142 1451 925 1529; baseline 0.003 -20"><span class='ocrx_word' id='word_1_97' title='bbox 142 1452 284 1524; x_wconf 78' lang='lat' dir='ltr'><strong>sissimus,</strong></span> <span class='ocrx_word' id='word_1_98' title='bbox 323 1451 454 1511; x_wconf 76' lang='lat' dir='ltr'><strong>Scaevola</strong></span> <span class='ocrx_word' id='word_1_99' title='bbox 492 1471 644 1528; x_wconf 91' lang='lat' dir='ltr'><strong>parcorum</strong></span> <span class='ocrx_word' id='word_1_100' title='bbox 684 1451 925 1529; x_wconf 82' lang='lat' dir='ltr'><strong>elegantissimus.</strong></span> 
     </span>
     <span class='ocr_line' id='line_1_16' title="bbox 143 1531 928 1591; baseline 0 -1"><span class='ocrx_word' id='word_1_101' title='bbox 143 1531 264 1591; x_wconf 84' lang='lat' dir='ltr'><strong>Crassus</strong></span> <span class='ocrx_word' id='word_1_102' title='bbox 278 1534 307 1591; x_wconf 90' lang='lat' dir='ltr'><strong>iu</strong></span> <span class='ocrx_word' id='word_1_103' title='bbox 322 1552 434 1591; x_wconf 88' lang='lat' dir='ltr'><strong>summa</strong></span> <span class='ocrx_word' id='word_1_104' title='bbox 448 1533 580 1591; x_wconf 89' lang='lat' dir='ltr'><strong>comitate</strong></span> <span class='ocrx_word' id='word_1_105' title='bbox 602 1532 725 1589; x_wconf 88' lang='lat' dir='ltr'><strong>habebat</strong></span> <span class='ocrx_word' id='word_1_106' title='bbox 746 1533 833 1589; x_wconf 90' lang='lat' dir='ltr'><strong>etiarn</strong></span> <span class='ocrx_word' id='word_1_107' title='bbox 848 1551 928 1590; x_wconf 84' lang='lat' dir='ltr'><strong>sere·</strong></span> 
     </span>
     <span class='ocr_line' id='line_1_17' title="bbox 142 1611 926 1684; baseline 0.003 -15"><span class='ocrx_word' id='word_1_108' title='bbox 142 1611 233 1671; x_wconf 87' lang='lat' dir='ltr'><strong>ritatis</strong></span> <span class='ocrx_word' id='word_1_109' title='bbox 256 1613 335 1684; x_wconf 89' lang='lat' dir='ltr'><strong>satis,</strong></span> <span class='ocrx_word' id='word_1_110' title='bbox 361 1613 496 1672; x_wconf 67' lang='lat' dir='ltr'><strong>Scaevolae</strong></span> <span class='ocrx_word' id='word_1_111' title='bbox 523 1612 612 1672; x_wconf 87' lang='lat' dir='ltr'><strong>multa</strong></span> <span class='ocrx_word' id='word_1_112' title='bbox 634 1612 663 1669; x_wconf 88' lang='lat' dir='ltr'><strong>iu</strong></span> <span class='ocrx_word' id='word_1_113' title='bbox 691 1612 841 1676; x_wconf 83' lang='lat' dir='ltr'><strong>severitate</strong></span> <span class='ocrx_word' id='word_1_114' title='bbox 868 1631 926 1671; x_wconf 89' lang='lat' dir='ltr'><strong>non</strong></span> 
     </span>
     <span class='ocr_line' id='line_1_18' title="bbox 91 1691 925 1770; baseline 0.007 -23"><span class='ocrx_word' id='word_1_115' title='bbox 91 1708 131 1749; x_wconf 79' lang='lat' dir='ltr'><strong>lte</strong></span> <span class='ocrx_word' id='word_1_116' title='bbox 142 1691 240 1750; x_wconf 90' lang='lat' dir='ltr'><strong>deerat</strong></span> <span class='ocrx_word' id='word_1_117' title='bbox 254 1704 350 1751; x_wconf 88' lang='lat' dir='ltr'><strong>tamen</strong></span> <span class='ocrx_word' id='word_1_118' title='bbox 367 1693 495 1751; x_wconf 89' lang='lat' dir='ltr'><strong>comitas.</strong></span> <span class='ocrx_word' id='word_1_119' title='bbox 537 1693 621 1751; x_wconf 82' lang='lat' dir='ltr'><strong>Licet</strong></span> <span class='ocrx_word' id='word_1_120' title='bbox 641 1692 739 1750; x_wconf 91' lang='lat' dir='ltr'><strong>omuia</strong></span> <span class='ocrx_word' id='word_1_121' title='bbox 753 1695 808 1751; x_wconf 91' lang='lat' dir='ltr'><strong>hoc</strong></span> <span class='ocrx_word' id='word_1_122' title='bbox 823 1693 925 1770; x_wconf 84' lang='lat' dir='ltr'><strong>modo:</strong></span> 
     </span>
     <span class='ocr_line' id='line_1_19' title="bbox 141 1772 927 1849; baseline 0.004 -19"><span class='ocrx_word' id='word_1_123' title='bbox 141 1772 191 1830; x_wconf 86' lang='lat' dir='ltr'><strong>sed</strong></span> <span class='ocrx_word' id='word_1_124' title='bbox 206 1791 313 1842; x_wconf 85' lang='lat' dir='ltr'><strong>vereor,</strong></span> <span class='ocrx_word' id='word_1_125' title='bbox 328 1772 448 1849; x_wconf 84' lang='lat' dir='ltr'><strong>nefingi</strong></span> <span class='ocrx_word' id='word_1_126' title='bbox 463 1774 612 1832; x_wconf 88' lang='lat' dir='ltr'><strong>videantur</strong></span> <span class='ocrx_word' id='word_1_127' title='bbox 629 1774 701 1845; x_wconf 83' lang='lat' dir='ltr'><strong>haec,</strong></span> <span class='ocrx_word' id='word_1_128' title='bbox 715 1784 747 1831; x_wconf 91' lang='lat' dir='ltr'><strong>ut</strong></span> <span class='ocrx_word' id='word_1_129' title='bbox 760 1773 896 1833; x_wconf 89' lang='lat' dir='ltr'><strong>dicantur</strong></span> <span class='ocrx_word' id='word_1_130' title='bbox 910 1792 927 1832; x_wconf 89' lang='lat' dir='ltr'><strong>a</strong></span> 
     </span>
     <span class='ocr_line' id='line_1_20' title="bbox 142 1853 925 1929; baseline 0.004 -20"><span class='ocrx_word' id='word_1_131' title='bbox 142 1870 188 1910; x_wconf 89' lang='lat' dir='ltr'><strong>me</strong></span> <span class='ocrx_word' id='word_1_132' title='bbox 216 1854 339 1929; x_wconf 89' lang='lat' dir='ltr'><strong>quodam</strong></span> <span class='ocrx_word' id='word_1_133' title='bbox 372 1853 475 1922; x_wconf 91' lang='lat' dir='ltr'><strong>modo;</strong></span> <span class='ocrx_word' id='word_1_134' title='bbox 504 1873 549 1911; x_wconf 90' lang='lat' dir='ltr'><strong>res</strong></span> <span class='ocrx_word' id='word_1_135' title='bbox 576 1873 607 1911; x_wconf 93' lang='lat' dir='ltr'><strong>se</strong></span> <span class='ocrx_word' id='word_1_136' title='bbox 634 1863 731 1912; x_wconf 88' lang='lat' dir='ltr'><strong>tamen</strong></span> <span class='ocrx_word' id='word_1_137' title='bbox 758 1853 800 1912; x_wconf 93' lang='lat' dir='ltr'><strong>sic</strong></span> <span class='ocrx_word' id='word_1_138' title='bbox 828 1855 925 1913; x_wconf 85' lang='lat' dir='ltr'><strong>habet</strong></span> 
     </span>
     <span class='ocr_line' id='line_1_21' title="bbox 141 1932 926 2006; baseline 0.005 -15"><span class='ocrx_word' id='word_1_139' title='bbox 141 1934 218 1991; x_wconf 87' lang='lat' dir='ltr'><strong>Cum</strong></span> <span class='ocrx_word' id='word_1_140' title='bbox 243 1932 336 1991; x_wconf 89' lang='lat' dir='ltr'><strong>omnis</strong></span> <span class='ocrx_word' id='word_1_141' title='bbox 362 1933 450 1991; x_wconf 89' lang='lat' dir='ltr'><strong>virtus</strong></span> <span class='ocrx_word' id='word_1_142' title='bbox 477 1933 523 2004; x_wconf 90' lang='lat' dir='ltr'><strong>sit,</strong></span> <span class='ocrx_word' id='word_1_143' title='bbox 545 1943 576 1991; x_wconf 88' lang='lat' dir='ltr'><strong>ut</strong></span> <span class='ocrx_word' id='word_1_144' title='bbox 598 1945 700 2006; x_wconf 88' lang='lat' dir='ltr'><strong>vestre,</strong></span> <span class='ocrx_word' id='word_1_145' title='bbox 723 1934 821 2006; x_wconf 89' lang='lat' dir='ltr'><strong>Brute,</strong></span> <span class='ocrx_word' id='word_1_146' title='bbox 844 1946 926 1995; x_wconf 82' lang='lat' dir='ltr'><strong>vetus</strong></span> 
     </span>
     <span class='ocr_line' id='line_1_22' title="bbox 141 2012 927 2092; baseline 0.004 -22"><span class='ocrx_word' id='word_1_147' title='bbox 141 2012 303 2071; x_wconf 78' lang='lat' dir='ltr'><strong>Academia</strong></span> <span class='ocrx_word' id='word_1_148' title='bbox 316 2012 396 2086; x_wconf 83' lang='lat' dir='ltr'><strong>dixit,</strong></span> <span class='ocrx_word' id='word_1_149' title='bbox 411 2013 601 2086; x_wconf 90' lang='lat' dir='ltr'><strong>mediocritas,</strong></span> <span class='ocrx_word' id='word_1_150' title='bbox 617 2023 736 2092; x_wconf 89' lang='lat' dir='ltr'><strong>uterque</strong></span> <span class='ocrx_word' id='word_1_151' title='bbox 750 2014 853 2074; x_wconf 86' lang='lat' dir='ltr'><strong>horum</strong></span> <span class='ocrx_word' id='word_1_152' title='bbox 867 2034 927 2074; x_wconf 83' lang='lat' dir='ltr'><strong>mc·</strong></span> 
     </span>
     <span class='ocr_line' id='line_1_23' title="bbox 141 2092 925 2172; baseline 0.006 -22"><span class='ocrx_word' id='word_1_153' title='bbox 141 2092 220 2152; x_wconf 92' lang='lat' dir='ltr'><strong>dium</strong></span> <span class='ocrx_word' id='word_1_154' title='bbox 240 2093 376 2171; x_wconf 90' lang='lat' dir='ltr'><strong>quiddam</strong></span> <span class='ocrx_word' id='word_1_155' title='bbox 397 2093 509 2153; x_wconf 87' lang='lat' dir='ltr'><strong>volebat</strong></span> <span class='ocrx_word' id='word_1_156' title='bbox 532 2094 632 2172; x_wconf 90' lang='lat' dir='ltr'><strong>sequi:</strong></span> <span class='ocrx_word' id='word_1_157' title='bbox 653 2097 704 2154; x_wconf 86' lang='lat' dir='ltr'><strong>sed</strong></span> <span class='ocrx_word' id='word_1_158' title='bbox 727 2095 767 2153; x_wconf 92' lang='lat' dir='ltr'><strong>ita</strong></span> <span class='ocrx_word' id='word_1_159' title='bbox 791 2095 925 2170; x_wconf 86' lang='lat' dir='ltr'><strong>cadebat,</strong></span> 
     </span>
     <span class='ocr_line' id='line_1_24' title="bbox 141 2173 925 2253; baseline 0.004 -22"><span class='ocrx_word' id='word_1_160' title='bbox 141 2182 173 2232; x_wconf 91' lang='lat' dir='ltr'><strong>ut</strong></span> <span class='ocrx_word' id='word_1_161' title='bbox 187 2173 257 2232; x_wconf 87' lang='lat' dir='ltr'><strong>ulter</strong></span> <span class='ocrx_word' id='word_1_162' title='bbox 271 2193 307 2232; x_wconf 83' lang='lat' dir='ltr'><strong>ex</strong></span> <span class='ocrx_word' id='word_1_163' title='bbox 322 2175 437 2234; x_wconf 89' lang='lat' dir='ltr'><strong>alterius</strong></span> <span class='ocrx_word' id='word_1_164' title='bbox 451 2175 537 2233; x_wconf 90' lang='lat' dir='ltr'><strong>laude</strong></span> <span class='ocrx_word' id='word_1_165' title='bbox 557 2185 678 2252; x_wconf 90' lang='lat' dir='ltr'><strong>partem,</strong></span> <span class='ocrx_word' id='word_1_166' title='bbox 693 2186 813 2253; x_wconf 90' lang='lat' dir='ltr'><strong>uterque</strong></span> <span class='ocrx_word' id='word_1_167' title='bbox 827 2186 925 2235; x_wconf 88' lang='lat' dir='ltr'><strong>autem</strong></span> 
     </span>
     <span class='ocr_line' id='line_1_25' title="bbox 90 2255 925 2328; baseline 0.008 -20"><span class='ocrx_word' id='word_1_168' title='bbox 90 2266 131 2308; x_wconf 80' lang='lat' dir='ltr'><strong>rso</strong></span> <span class='ocrx_word' id='word_1_169' title='bbox 141 2271 223 2314; x_wconf 82' lang='lat' dir='ltr'><strong>suam</strong></span> <span class='ocrx_word' id='word_1_170' title='bbox 237 2264 324 2312; x_wconf 90' lang='lat' dir='ltr'><strong>totam</strong></span> <span class='ocrx_word' id='word_1_171' title='bbox 338 2256 470 2315; x_wconf 74' lang='lat' dir='ltr'><strong>haberet</strong></span> <span class='ocrx_word' id='word_1_172' title='bbox 505 2255 584 2314; x_wconf 87' lang='lat' dir='ltr'><strong>Tum</strong></span> <span class='ocrx_word' id='word_1_173' title='bbox 603 2256 718 2328; x_wconf 90' lang='lat' dir='ltr'><strong>Brutus,</strong></span> <span class='ocrx_word' id='word_1_174' title='bbox 734 2256 811 2314; x_wconf 87' lang='lat' dir='ltr'><strong>Cum</strong></span> <span class='ocrx_word' id='word_1_175' title='bbox 823 2276 861 2315; x_wconf 87' lang='lat' dir='ltr'><strong>ex</strong></span> <span class='ocrx_word' id='word_1_176' title='bbox 874 2267 925 2315; x_wconf 82' lang='lat' dir='ltr'><strong>tua</strong></span> 
     </span>
     <span class='ocr_line' id='line_1_26' title="bbox 140 2334 926 2415; baseline 0 -19"><span class='ocrx_word' id='word_1_177' title='bbox 140 2336 268 2396; x_wconf 87' lang='lat' dir='ltr'><strong>oratione</strong></span> <span class='ocrx_word' id='word_1_178' title='bbox 289 2334 359 2392; x_wconf 91' lang='lat' dir='ltr'><strong>mihi</strong></span> <span class='ocrx_word' id='word_1_179' title='bbox 383 2337 489 2410; x_wconf 87' lang='lat' dir='ltr'><strong>videor,</strong></span> <span class='ocrx_word' id='word_1_180' title='bbox 509 2336 611 2415; x_wconf 88' lang='lat' dir='ltr'><strong>iuquit,</strong></span> <span class='ocrx_word' id='word_1_181' title='bbox 637 2337 710 2395; x_wconf 88' lang='lat' dir='ltr'><strong>bene</strong></span> <span class='ocrx_word' id='word_1_182' title='bbox 733 2336 874 2396; x_wconf 83' lang='lat' dir='ltr'><strong>Crassum</strong></span> <span class='ocrx_word' id='word_1_183' title='bbox 896 2346 926 2396; x_wconf 89' lang='lat' dir='ltr'><strong>et</strong></span> 
     </span>
     <span class='ocr_line' id='line_1_27' title="bbox 142 2416 926 2493; baseline 0.001 -18"><span class='ocrx_word' id='word_1_184' title='bbox 142 2416 300 2477; x_wconf 78' lang='lat' dir='ltr'><strong>Scaevolam</strong></span> <span class='ocrx_word' id='word_1_185' title='bbox 315 2417 491 2493; x_wconf 84' lang='lat' dir='ltr'><strong>cognovisse,</strong></span> <span class='ocrx_word' id='word_1_186' title='bbox 505 2428 566 2475; x_wconf 90' lang='lat' dir='ltr'><strong>turn</strong></span> <span class='ocrx_word' id='word_1_187' title='bbox 580 2418 616 2474; x_wconf 96' lang='lat' dir='ltr'><strong>de</strong></span> <span class='ocrx_word' id='word_1_188' title='bbox 630 2428 658 2474; x_wconf 90' lang='lat' dir='ltr'><strong>te</strong></span> <span class='ocrx_word' id='word_1_189' title='bbox 679 2429 709 2476; x_wconf 92' lang='lat' dir='ltr'><strong>et</strong></span> <span class='ocrx_word' id='word_1_190' title='bbox 729 2417 766 2475; x_wconf 87' lang='lat' dir='ltr'><strong>de</strong></span> <span class='ocrx_word' id='word_1_191' title='bbox 781 2420 843 2477; x_wconf 84' lang='lat' dir='ltr'><strong>Ser.</strong></span> <span class='ocrx_word' id='word_1_192' title='bbox 861 2418 926 2476; x_wconf 88' lang='lat' dir='ltr'><strong>Sul·</strong></span> 
     </span>
     <span class='ocr_line' id='line_1_28' title="bbox 140 2496 925 2576; baseline 0 -20"><span class='ocrx_word' id='word_1_193' title='bbox 140 2498 217 2575; x_wconf 89' lang='lat' dir='ltr'><strong>picio</strong></span> <span class='ocrx_word' id='word_1_194' title='bbox 232 2496 362 2574; x_wconf 84' lang='lat' dir='ltr'><strong>cogitans</strong></span> <span class='ocrx_word' id='word_1_195' title='bbox 383 2510 446 2554; x_wconf 86' lang='lat' dir='ltr'><strong>esse</strong></span> <span class='ocrx_word' id='word_1_196' title='bbox 468 2498 612 2576; x_wconf 87' lang='lat' dir='ltr'><strong>quandam</strong></span> <span class='ocrx_word' id='word_1_197' title='bbox 627 2499 707 2556; x_wconf 89' lang='lat' dir='ltr'><strong>vobis</strong></span> <span class='ocrx_word' id='word_1_198' title='bbox 727 2517 795 2556; x_wconf 90' lang='lat' dir='ltr'><strong>cum</strong></span> <span class='ocrx_word' id='word_1_199' title='bbox 817 2498 874 2556; x_wconf 90' lang='lat' dir='ltr'><strong>illis</strong></span> <span class='ocrx_word' id='word_1_200' title='bbox 888 2498 925 2556; x_wconf 92' lang='lat' dir='ltr'><strong>si·</strong></span> 
     </span>
     <span class='ocr_line' id='line_1_29' title="bbox 140 2577 926 2656; baseline 0.001 -21"><span class='ocrx_word' id='word_1_201' title='bbox 140 2577 330 2636; x_wconf 82' lang='lat' dir='ltr'><strong>militudinem</strong></span> <span class='ocrx_word' id='word_1_202' title='bbox 354 2577 462 2654; x_wconf 85' lang='lat' dir='ltr'><strong>judico.</strong></span> <span class='ocrx_word' id='word_1_203' title='bbox 515 2578 664 2650; x_wconf 77' lang='lat' dir='ltr'><strong>Quonam,</strong></span> <span class='ocrx_word' id='word_1_204' title='bbox 691 2578 819 2656; x_wconf 87' lang='lat' dir='ltr'><strong>iuquam,</strong></span> <span class='ocrx_word' id='word_1_205' title='bbox 848 2579 926 2638; x_wconf 91' lang='lat' dir='ltr'><strong>istuc</strong></span> 
     </span>
     <span class='ocr_line' id='line_1_30' title="bbox 140 2656 923 2737; baseline 0.003 -23"><span class='ocrx_word' id='word_1_206' title='bbox 140 2657 246 2715; x_wconf 79' lang='lat' dir='ltr'><strong>model</strong></span> <span class='ocrx_word' id='word_1_207' title='bbox 285 2658 369 2722; x_wconf 81' lang='lat' dir='ltr'><strong>Quia</strong></span> <span class='ocrx_word' id='word_1_208' title='bbox 380 2656 449 2715; x_wconf 90' lang='lat' dir='ltr'><strong>milri</strong></span> <span class='ocrx_word' id='word_1_209' title='bbox 464 2668 493 2716; x_wconf 93' lang='lat' dir='ltr'><strong>et</strong></span> <span class='ocrx_word' id='word_1_210' title='bbox 516 2669 546 2716; x_wconf 89' lang='lat' dir='ltr'><strong>tu</strong></span> <span class='ocrx_word' id='word_1_211' title='bbox 561 2659 675 2730; x_wconf 89' lang='lat' dir='ltr'><strong>videris,</strong></span> <span class='ocrx_word' id='word_1_212' title='bbox 690 2658 792 2737; x_wconf 85' lang='lat' dir='ltr'><strong>inquit,</strong></span> <span class='ocrx_word' id='word_1_213' title='bbox 807 2670 923 2719; x_wconf 86' lang='lat' dir='ltr'><strong>tantum</strong></span> 
     </span>
     <span class='ocr_line' id='line_1_31' title="bbox 137 2734 926 2816; baseline 0.009 -25"><span class='ocrx_word' id='word_1_214' title='bbox 137 2734 209 2812; x_wconf 89' lang='lat' dir='ltr'><strong>juris</strong></span> <span class='ocrx_word' id='word_1_215' title='bbox 237 2738 328 2798; x_wconf 90' lang='lat' dir='ltr'><strong>civilis</strong></span> <span class='ocrx_word' id='word_1_216' title='bbox 347 2735 420 2797; x_wconf 86' lang='lat' dir='ltr'><strong>scire</strong></span> <span class='ocrx_word' id='word_1_217' title='bbox 441 2739 573 2813; x_wconf 86' lang='lat' dir='ltr'><strong>voluisse,</strong></span> <span class='ocrx_word' id='word_1_218' title='bbox 594 2749 733 2816; x_wconf 86' lang='lat' dir='ltr'><strong>quantum</strong></span> <span class='ocrx_word' id='word_1_219' title='bbox 758 2739 826 2798; x_wconf 89' lang='lat' dir='ltr'><strong>satis</strong></span> <span class='ocrx_word' id='word_1_220' title='bbox 848 2749 926 2798; x_wconf 83' lang='lat' dir='ltr'><strong>esset</strong></span> 
     </span>
    </p>
   </div>
   <div class='ocr_carea' id='block_1_3' title="bbox 137 2937 926 3188">
    <p class='ocr_par' dir='ltr' id='par_1_5' title="bbox 137 2937 926 3188">
     <span class='ocr_line' id='line_1_32' title="bbox 170 2937 923 3002; baseline 0.004 -17"><span class='ocrx_word' id='word_1_221' title='bbox 170 2937 249 2985; x_wconf 73' lang='lat' dir='ltr'><strong>*The</strong></span> <span class='ocrx_word' id='word_1_222' title='bbox 271 2944 326 2987; x_wconf 89' lang='lat' dir='ltr'><strong>text</strong></span> <span class='ocrx_word' id='word_1_223' title='bbox 345 2943 366 2988; x_wconf 91' lang='lat' dir='ltr'><strong>is</strong></span> <span class='ocrx_word' id='word_1_224' title='bbox 388 2943 493 3000; x_wconf 86' lang='lat' dir='ltr'><strong>corrupt.</strong></span> <span class='ocrx_word' id='word_1_225' title='bbox 537 2940 630 2986; x_wconf 85' lang='lat' dir='ltr'><strong>Aruold</strong></span> <span class='ocrx_word' id='word_1_226' title='bbox 660 2955 772 3002; x_wconf 87' lang='lat' dir='ltr'><strong>proposes</strong></span> <span class='ocrx_word' id='word_1_227' title='bbox 801 2945 825 2987; x_wconf 90' lang='lat' dir='ltr'><strong>to</strong></span> <span class='ocrx_word' id='word_1_228' title='bbox 847 2941 923 2988; x_wconf 83' lang='lat' dir='ltr'><strong>read:</strong></span> 
     </span>
     <span class='ocr_line' id='line_1_33' title="bbox 138 3001 926 3064; baseline 0.001 -13"><span class='ocrx_word' id='word_1_229' title='bbox 138 3001 255 3051; x_wconf 79' lang='lat' dir='ltr'><strong>Rutilio:</strong></span> <span class='ocrx_word' id='word_1_230' title='bbox 272 3016 324 3062; x_wconf 83' lang='lat' dir='ltr'><strong>qua</strong></span> <span class='ocrx_word' id='word_1_231' title='bbox 341 3006 462 3052; x_wconf 82' lang='lat' dir='ltr'><strong>utebatur</strong></span> <span class='ocrx_word' id='word_1_232' title='bbox 479 3006 565 3064; x_wconf 80' lang='lat' dir='ltr'><strong>pater,</strong></span> <span class='ocrx_word' id='word_1_233' title='bbox 577 3003 789 3063; x_wconf 70' lang='lat' dir='ltr'><strong>familiaritatem</strong></span> <span class='ocrx_word' id='word_1_234' title='bbox 810 3004 926 3052; x_wconf 81' lang='lat' dir='ltr'><strong>Scoevolae</strong></span> 
     </span>
     <span class='ocr_line' id='line_1_34' title="bbox 137 3066 926 3129; baseline 0.003 -15"><span class='ocrx_word' id='word_1_235' title='bbox 137 3066 214 3114; x_wconf 74' lang='lat' dir='ltr'><strong>nosti.</strong></span> <span class='ocrx_word' id='word_1_236' title='bbox 239 3066 350 3115; x_wconf 86' lang='lat' dir='ltr'><strong>Ellendt:</strong></span> <span class='ocrx_word' id='word_1_237' title='bbox 366 3067 484 3118; x_wconf 81' lang='lat' dir='ltr'><strong>Rutilio:</strong></span> <span class='ocrx_word' id='word_1_238' title='bbox 500 3067 544 3128; x_wconf 83' lang='lat' dir='ltr'><strong>qui</strong></span> <span class='ocrx_word' id='word_1_239' title='bbox 552 3082 603 3128; x_wconf 82' lang='lat' dir='ltr'><strong>quo</strong></span> <span class='ocrx_word' id='word_1_240' title='bbox 611 3069 732 3117; x_wconf 82' lang='lat' dir='ltr'><strong>utebatur</strong></span> <span class='ocrx_word' id='word_1_241' title='bbox 735 3067 926 3129; x_wconf 63' lang='lat' dir='ltr'><strong>familiaritate</strong></span> 
     </span>
     <span class='ocr_line' id='line_1_35' title="bbox 137 3130 347 3188; baseline -0.005 -9"><span class='ocrx_word' id='word_1_242' title='bbox 137 3130 259 3188; x_wconf 78' lang='lat' dir='ltr'><strong>Scoeccloe,</strong></span> <span class='ocrx_word' id='word_1_243' title='bbox 270 3131 347 3178; x_wconf 77' lang='lat' dir='ltr'><strong>nosti.</strong></span> 
     </span>
    </p>
   </div>
   <div class='ocr_carea' id='block_1_4' title="bbox 0 0 998 3450">
    <p class='ocr_par' dir='ltr' id='par_1_6' title="bbox 0 0 998 3450">
     <span class='ocr_line' id='line_1_36' title="bbox 0 0 998 3450; baseline 0 1"><span class='ocrx_word' id='word_1_244' title='bbox 0 0 998 3450; x_wconf 95' lang='lat' dir='ltr'><strong> </strong></span> 
     </span>
    </p>
   </div>
  </div>
 </body>
</html>
