1986 3450
130 251 170 311 42
237 245 284 298 nu
307 243 432 298 suauis
454 241 680 303 onnuoiusus,
695 244 764 294 cs».
781 250 821 298 ss.

131 405 211 472 turpe
225 394 354 464 nescire3
372 403 540 471 nequetarn
552 393 583 451 -id
608 393 678 453 mihi
701 393 821 453 oratoris
843 395 914 472 boni

129 495 214 553 quarn
241 477 311 534 civis
333 474 458 533 Romani
477 470 619 551 proprium
640 475 749 531 videtur
768 521 775 547 ‚
797 476 849 534 sed
871 488 915 534 ta·

130 575 195 614 men
219 557 362 615 Antonius
384 557 416 612 ln
432 556 522 612 verbis
541 565 570 612 et
591 555 732 633 eligendis
759 575 857 633 neque
883 557 912 614 id

129 635 221 713 ipsum
236 649 292 695 tarn
305 634 408 712 leporis
423 655 510 693 causa
523 655 607 709 quarn
621 635 767 715 ponderis)
780 650 812 692 et
826 636 915 696 collo·

129 719 230 775 candis
240 726 272 774 :et
286 716 537 790 comprehensione
552 716 748 773 devinciendis
766 716 838 774 nihil
853 735 910 775 non

129 797 164 856 od
184 798 323 856 rationem
350 806 379 852 et
404 808 549 872 tamquam
577 796 612 853 ad
636 808 724 853 artem
751 796 911 873 dirigebat:

128 896 225 935 verunt
251 876 338 934 multo
361 877 451 953 magis
472 877 527 934 hoc
546 875 622 933 idern
644 876 673 939 in
702 878 910 935 sententiarum

79 973 116 1014 141
127 957 301 1015 ornamentis
325 968 356 1014 et
384 956 664 1014 conformationibus.
701 956 776 1017 Quo
804 968 911 1034 genere

126 1037 195 1095 uia
220 1047 336 1114 praestat
362 1037 496 1095 omnibus
518 1037 736 1107 Demosthenes,
757 1036 870 1095 idcirco
894 1057 912 1097 a

126 1057 218 1175 iioctis
231 1128 375 1176 oratorum
390 1127 434 1175 est
445 1117 577 1193 princeps
588 1116 741 1193 judicatus.
784 1121 912 1184 Σχήματα

122 1196 204 1256 enirn
218 1217 279 1273 quae
294 1207 396 1256 vocant
408 1197 514 1268 Greci,
527 1196 563 1254 ea
584 1197 707 1255 maxime
731 1208 835 1254 ornant
849 1214 912 1254 ora·

125 1289 234 1349 torem3
254 1297 345 1354 caque
359 1297 417 1337 non
440 1289 506 1353 tam¹
522 1277 552 1334 in
571 1276 665 1334 uerbis
686 1275 840 1353 pingendis
862 1277 912 1335 lsa-

124 1358 195 1416 bent
219 1359 331 1435 pondus
359 1377 444 1436 quam
472 1357 501 1415 in
524 1356 721 1416 illuminandis
748 1356 909 1416 sententiis.

125 1437 304 1503 XXXVIII.
330 1439 388 1497 Sed
413 1457 481 1498 eum
501 1439 564 1495 haec
594 1456 713 1515 magua
728 1437 757 1494 in
780 1437 912 1496 Antonio

123 1529 185 1578 tum
214 1520 289 1578 actio
307 1519 478 1597 singularis;
499 1537 561 1594 quae
586 1518 610 1575 si
636 1517 786 1594 partienda
812 1527 856 1576 est
879 1517 910 1575 in

124 1610 240 1677 gestum
260 1610 343 1675 atque
359 1618 466 1672 vocem,
481 1610 578 1676 gestus
599 1608 661 1656 erat
682 1617 739 1656 uon
755 1596 842 1655 verbu
860 1617 911 1656 ex-

124 1679 250 1755 primens
264 1680 313 1737 sed
335 1698 401 1737 cum
426 1679 574 1737 sententiis
596 1697 773 1756 congruens:
795 1695 909 1750 manus,

125 1759 247 1830 humeri,
261 1759 360 1830 latera,
377 1759 519 1836 supplosio
541 1759 632 1834 pedis,
654 1768 754 1829 status,
776 1756 910 1817 incessus

124 1838 273 1916 omnisque
285 1854 377 1896 motus
391 1857 456 1896 curn
470 1838 562 1896 verbis
573 1838 777 1915 sententiisque
789 1857 911 1897 consen·

125 1917 216 1988 tiens3
238 1938 290 1976 vox
316 1937 487 1994 permanens
508 1936 604 1975 verum
629 1920 771 1977 subrauca
795 1930 911 1978 naturai

125 1997 183 2056 Sed
209 1999 263 2055 hoc
276 1998 375 2056 vitium
389 1997 457 2056 huic
473 1997 521 2056 uni
540 1998 570 2055 in
595 1998 701 2056 bonurn
714 1999 907 2060 convertebat.

75 2096 114 2138 142
125 2076 260 2136 Habebat
281 2079 358 2137 enirn
375 2077 471 2136 flebile
495 2078 630 2156 quiddam
651 2080 681 2137 in
711 2079 909 2155 questionibus

125 2168 277 2236 aptumque
291 2178 357 2217 curn
373 2160 408 2217 ad
422 2159 506 2218 iidem
522 2159 684 2217 faciendam
699 2171 758 2218 turn
774 2160 809 2217 ad
824 2159 909 2218 mise·

123 2239 276 2298 ricordiam
304 2240 556 2310 commovendam
581 2249 612 2298 nt
640 2259 736 2298 reruni
764 2239 908 2299 rideretur

124 2320 154 2379 in
171 2320 226 2379 hoc
248 2320 327 2391 illud,
341 2321 417 2396 quud
442 2320 665 2378 Demosthenem
688 2321 781 2378 ierunt
804 2320 842 2391 ei,
858 2321 908 2398 qui

123 2400 309 2477 quaesivisset‚
320 2401 387 2476 quid
402 2401 523 2477 primum
539 2410 615 2459 esset
628 2401 658 2458 in
672 2400 806 2471 dicendo,
821 2402 909 2460 actio-

124 2500 210 2554 uem;
232 2481 301 2559 quid
328 2482 498 2552 secundum,
524 2481 602 2538 idern
629 2492 658 2538 et
687 2481 762 2539 idem
788 2481 907 2540 tertium

123 2562 313 2639 respondisse.
355 2559 444 2619 Nulla
464 2581 510 2619 res
531 2562 622 2638 magis
645 2571 776 2637 penetrat
801 2561 829 2619 in
847 2562 908 2620 ani-

124 2646 194 2713 mos,
208 2661 314 2721 eosque
340 2640 431 2718 fingit,
446 2641 558 2711 format,
572 2640 677 2711 flectit;
696 2642 825 2717 talesque
845 2661 909 2701 ora·

122 2729 198 2780 tores
211 2723 301 2783 rideri
316 2721 393 2789 iacit,
408 2722 505 2796 quales
518 2721 572 2798 ipsi
584 2741 617 2779 se
632 2721 720 2780 uideri
735 2722 840 2781 volunt.

75 2820 112 2861 irs
163 2801 243 2861 Huic
256 2803 305 2864 alii
319 2821 416 2879 parem
435 2821 499 2859 esse
523 2800 668 2872 dicebam,
684 2801 731 2860 alii
754 2812 909 2878 antepone·

123 2881 192 2939 bant
206 2882 241 2946 L·
256 2881 401 2942 Crassum.
442 2881 518 2939 Illud
532 2881 645 2957 quidem
662 2895 740 2940 certe
753 2901 853 2941 omnes
867 2884 909 2943 ita

118 2960 288 3039 judicabant
311 2963 455 3023 neminem
480 2980 552 3033 esse,
575 2962 622 3037 qui
645 2963 745 3021 horum
771 2962 909 3023 alterutro

120 3041 419 3118 patronocujurquam
444 3043 591 3119 ingenium
614 3043 775 3119 requireret.
817 3043 907 3120 Equi·

113 3123 185 3187 dem
199 3141 369 3206 quamquam
383 3123 514 3188 Antonio
528 3131 637 3183 tanturn
650 3123 752 3195 tribuo,
764 3134 904 3201 quantum
