1986 3450
130 224 172 285 82
231 224 278 272 DE
300 223 428 274 CLARIS
450 224 822 283 onerosisUS,ca1›.to.

131 368 164 428 in
184 371 395 442 communibus,
409 391 466 429 nun
488 372 580 441 rideo,
605 372 652 430 cui
676 371 780 429 debeat
804 369 921 428 cedere.

133 449 319 526 Splendidam
348 453 492 527 quandam
522 453 697 528 minimeque
719 450 920 509 veteratoriam

132 530 271 589 rationem
285 533 401 590 dicendi
415 544 494 589 tenet
508 553 588 602 voce,
603 546 692 604 motu,
717 533 808 590 sorana
829 531 920 589 etiam

82 613 288 689 eaamagnitioa
297 625 326 670 et
339 631 479 688 generosa
491 614 711 688 quodammodo.
753 612 832 669 Tum
848 611 922 669 Bru-

132 702 189 763 tus,
203 692 357 751 Orationes
369 693 485 767 quidem
499 694 562 770 ejus
575 695 646 751 milti
660 695 842 751 vehementer
857 711 922 782 pro·

133 738 253 830 baritur
246 774 437 862 ,conplures
463 786 558 831 autern
581 774 659 866 legi.
711 775 806 849 Atque
830 773 920 830 etiam

133 853 354 911 commentarios
367 855 519 944 quosdam
531 855 646 931 scripsit
669 873 764 913 rerum
789 871 919 911 suarum

133 932 227 991 Valde
248 934 403 1024 quidem,
396 953 522 1025 inquam,
547 936 726 1011 probandos:
748 930 818 990 nudi
839 932 919 990 enim

134 1024 210 1083 sunt,
225 1014 297 1071 recti
311 1026 340 1071 et
354 1016 476 1085 venusti,
489 1017 568 1072 omni
581 1027 684 1073 ornatu
698 1013 834 1072 orationis
847 1023 922 1070 tam·

133 1111 220 1167 quam
246 1108 324 1151 reste
351 1094 489 1154 detracta.
545 1096 603 1152 Sed
636 1096 705 1153 dum
733 1094 822 1152 voluit
849 1093 923 1151 alios

134 1172 241 1231 habere
254 1184 363 1250 parata,
377 1176 455 1233 unde
479 1189 633 1247 sumerent,
647 1177 696 1251 qui
719 1175 826 1232 vellent
849 1174 922 1232 scri·

133 1253 201 1312 bere
216 1255 373 1326 historiam,
387 1256 492 1333 ineptis
504 1268 617 1334 gratum
633 1257 751 1314 fortasse
775 1255 855 1322 lecit,
870 1255 921 1331 qui

134 1334 230 1392 volent
257 1335 307 1393 illa
333 1337 505 1395 calamistris
532 1338 662 1407 inurere;
689 1354 775 1393 sanos
801 1335 920 1409 quidem

134 1415 265 1474 homines
279 1418 463 1475 ascribendo
487 1418 633 1475 deterruit.
676 1416 757 1473 Nihil
781 1416 861 1473 enim
875 1427 920 1472 est

134 1495 164 1555 iu
180 1496 298 1554 historia
310 1517 381 1573 pura
395 1510 423 1555 et
437 1498 539 1556 illustri
551 1498 686 1556 brevitate
700 1496 823 1554 dulcius.
860 1496 920 1554 Sed

134 1576 171 1635 ad
189 1595 249 1649 eos,
270 1577 295 1634 ai
315 1578 419 1654 placet,
433 1580 482 1654 qui
503 1580 561 1638 vita
578 1589 774 1649 excesserunt,
795 1589 922 1634 reverta·

133 1675 206 1715 mur.

133 1815 182 1892 qui
204 1835 307 1875 censor
308 1779 394 1890 suit,
408 1839 443 1877 ex
465 1819 523 1877 filia
545 1839 643 1909 nepos,
657 1783 825 1895 questorius
846 1836 921 1877 mor·

134 1906 202 1954 tuus
214 1908 266 1967 est
280 1898 434 1973 probabilis
454 1914 559 1965 orator,
571 1899 631 1975 jam
653 1919 720 1957 vero
742 1899 830 1956 etiam
854 1917 921 1990 pro·

134 1975 228 2046 batus,
242 1996 278 2034 ex
291 1977 369 2034 hac
362 1979 439 2055 rnopi
454 1980 489 2036 ad
511 1981 672 2036 ornandum
694 1980 744 2036 sed
759 1978 817 2035 ad
809 1979 921 2036 inveni·

134 2021 240 2113 endudt
254 2057 388 2132 expedita
402 2059 588 2135 Hermagorae
610 2059 770 2136 disciplina
811 2058 857 2115 Ea
871 2060 922 2115 dat

134 2135 259 2194 rationes
273 2152 367 2196 certas
379 2149 409 2197 et
421 2150 565 2217 praecepta
587 2141 723 2209 dicendi3
743 2159 807 2214 quae
828 2138 853 2196 si
868 2139 921 2196 mi·

134 2236 232 2276 norem
261 2219 368 2276 habent
398 2233 563 2297 apparatum
593 2220 676 2297 (sunt
701 2220 778 2277 enim
806 2218 920 2309 exilia),

133 2308 230 2358 tamen
258 2299 366 2357 habeut
391 2302 521 2359 ordinem
548 2316 576 2358 et
602 2300 740 2376 quasdam
766 2317 862 2356 errare
890 2319 921 2356 ru

134 2379 259 2438 dicendo
272 2399 329 2438 non
354 2382 496 2474 patientes
509 2383 578 2440 vias.
620 2381 683 2438 Has
704 2380 751 2437 ille
774 2391 878 2436 tenens
892 2387 922 2438 et

134 2472 250 2551 paratus
264 2461 301 2518 ad
316 2480 418 2519 causas
432 2464 559 2533 veniens,
574 2462 723 2519 verborum
748 2479 806 2518 non
829 2479 923 2537 egeus

136 2540 197 2615 ipsa
211 2541 259 2599 ille
273 2543 487 2618 comparatione
501 2542 709 2618 disciplinaque
723 2540 869 2599 dicendi
858 2558 922 2631 Jam

84 2619 164 2676 essin
179 2633 360 2697 patronorum
373 2642 523 2680 numerum
537 2631 712 2699 pervenerat.
748 2621 818 2679 Erat
832 2623 921 2678 etiam

134 2699 177 2756 vir
191 2700 314 2760 doctus
307 2723 337 2761 ru
351 2703 449 2779 primis
463 2703 497 2761 C.
513 2703 649 2762 Visellius
663 2703 756 2761 Varro
775 2702 924 2760 consobri-

134 2798 190 2837 nus
204 2799 283 2838 meus
286 2803 352 2860 ‚qur
345 2783 420 2840 suit
434 2802 500 2840 cum
515 2783 627 2842 Sicinio
640 2795 723 2841 aetate
737 2783 920 2859 conjunctus.

134 2858 175 2929 Ie,
197 2879 263 2918 cum
290 2875 354 2939 post
381 2863 509 2921 curulem
538 2862 701 2922 aedilitatem
732 2863 820 2940 J'udex
845 2883 924 2937 quae·

134 2940 235 2998 aionis
262 2958 346 3014 esset,
368 2955 412 3001 est
438 2956 584 3003 mortuus:
607 2945 636 3002 in
660 2964 716 3020 quo
732 2944 821 3000 fateor
843 2943 923 3019 vulgi

131 3021 273 3099 judicium
288 3024 426 3099 ajudicio
439 3044 504 3082 meo
526 3025 713 3084 dissensisse:
734 3043 800 3082 narn
815 3024 923 3102 populo

134 3121 193 3163 non
217 3113 280 3161 erat
303 3105 374 3162 eatis
396 3104 568 3177 vendibilis3
589 3125 717 3184 preceps
737 3105 869 3180 quaedam
891 3117 923 3163 et
