1986 3450
182 217 229 269 Du
250 219 377 271 ocultis
398 218 628 277 ORATORIBUS,
643 216 714 267 οη.
730 216 770 265 8⁶.
823 214 863 275 93

120 361 276 425 LXXXV.
299 367 376 424 Sane
386 365 511 443 quidem,
524 364 616 441 inquit
627 363 748 432 Bmtus;
765 375 913 437 quam-esa

79 459 164 517 quam
180 446 235 503 ista
248 447 319 504 mihi
341 457 391 503 tua
412 447 465 504 snit
485 445 665 522 perjucunda·
687 463 703 500 a
723 441 863 519 proposita

72 523 208 585 oratione
242 527 388 604 digressio.
443 526 521 584 Tum
549 527 676 594 Atticus,
705 521 863 598 Aliquoties

72 620 162 675 oum,¹
183 606 283 682 inquit,
312 618 441 678 conatus,
475 606 540 664 sed¹
560 604 741 682 interpellare
775 600 862 658 nolui.

76 680 110 739 N
114 702 181 757 unc,
195 691 329 763 quoniam
344 687 379 744 ad
393 686 583 764 perorandum
607 696 738 762 spectare
752 680 863 739 videtur

72 780 174 823 ›sermo
199 777 276 838 tuus,
304 767 409 839 dicam,
435 767 545 843 opinor,
569 768 643 842 quod
671 764 771 823 sentio.
813 760 864 818 Tu

80 860 158 916 vero,
173 845 298 922 inquam,
313 847 390 907 Tite.
431 845 510 904 Tum
535 846 592 918 ille,
608 847 680 925 Ego,
696 844 795 921 inquit,
810 841 864 901 iro·

74 923 159 981 niam
175 925 262 999 illam,
276 947 360 1004 quam
374 928 403 986 in
429 928 549 986 Socrate
572 927 672 986 dicunt
696 926 793 993 suisse,
807 942 864 998 qua

76 1002 132 1061 ille
146 1004 174 1062 in
189 1007 356 1066 Platoniset
369 1007 570 1084 Xenophontis
594 1018 623 1065 et
636 1007 770 1067 AEschini
783 1002 864 1063 libris

79 1084 181 1157 utitur,
196 1087 316 1146 facetam
335 1089 550 1166 etelegantem
570 1099 659 1163 puto:
680 1096 724 1144 est
744 1086 864 1144 enimet

79 1164 200 1224 minime
214 1168 301 1246 inepti
315 1169 439 1227 hominis
460 1178 489 1225 et
507 1167 635 1243 ejusdem
658 1167 744 1225 etiam
767 1166 863 1239 faceti,

80 1262 149 1303 curn
172 1248 207 1306 de
231 1250 371 1327 sapientia
389 1249 574 1324 disceptetur,
589 1248 666 1305 hanc
690 1245 744 1303 sibi
770 1245 863 1322 ipsum

78 1323 240 1398 detrahere,
255 1329 297 1387 eis
311 1330 436 1387 tribuere
461 1327 639 1399 illudentem,
653 1326 701 1402 qni
726 1344 788 1382 eam
809 1325 864 1384 sibi

81 1419 235 1485 arrogant3
256 1420 288 1466 nt
302 1410 376 1485 apud
391 1408 539 1466 Platonem
562 1408 696 1465 Socrates
715 1405 744 1463 in
759 1407 864 1467 coelum

78 1485 164 1545 effert
177 1488 310 1546 laudibus
326 1488 521 1566 Protagoram,
536 1487 682 1564 Hippiam,
699 1486 862 1558 Prodicum,

78 1564 230 1644 Gorgiam,
245 1579 374 1638 ceteros;
396 1587 427 1625 se
446 1580 540 1624 autem
564 1569 692 1626 omnium
715 1585 808 1625 rerum
824 1567 865 1625 in·

70 1647 176 1705 scium
191 1647 273 1724 lingit
286 1658 315 1704 et
336 1648 444 1706 rudem.
486 1647 578 1706 Decet
598 1649 653 1707 hoc
676 1647 774 1705 nescio
797 1666 865 1724 quo·

80 1725 169 1784 modo
193 1726 283 1797 illum,
309 1746 364 1787 nec
387 1728 521 1804 Epicuro,
546 1728 596 1804 qui
620 1729 648 1787 id
670 1728 863 1805 reprehendit,

82 1805 231 1864 assentior.
274 1808 331 1865 Sed
354 1808 383 1867 in
408 1808 534 1881 historia,
555 1828 611 1884 qna
635 1821 665 1867 tu
689 1826 720 1866 es
745 1828 812 1866 usus
834 1809 863 1867 in

73 1885 160 1945 omui
174 1906 313 1960 sermone,
326 1908 403 1963 curn,
413 1889 505 1965 qualis
518 1889 637 1966 quisque
650 1899 743 1947 orator
755 1889 865 1958 suisset,

78 1984 248 2042 exponeres,
271 1969 344 2042 ride,
369 1990 475 2049 quaeso,
500 1970 601 2047 inquit,
626 1989 663 2027 ne
687 1980 746 2027 tam
772 1989 865 2047 repre·

82 2046 238 2106 hendendo
251 2049 288 2106 sit
301 2051 392 2109 ironia
405 2070 490 2128 quam
506 2051 534 2108 in
557 2050 729 2131 testimonio.
769 2050 866 2112 Quor·
875 2068 915 2109 eoa

80 2145 142 2197 sus,
164 2128 290 2206 inquam,
310 2131 404 2189 istucl
425 2149 481 2188 non
504 2130 581 2187 enim
605 2130 743 2208 intelligo.
784 2130 867 2192 Quia

46 2248 49 2253 -
74 2208 215 2284 primum,
231 2209 332 2287 inquit,
347 2212 388 2268 ita
400 2210 551 2268 laudavisti
565 2210 702 2286 quosdam
727 2221 864 2280 oratores,

82 2298 115 2345 ut
128 2288 274 2366 imperitos
287 2310 385 2368 posses
399 2291 428 2348 in
453 2309 578 2349 errorem
592 2290 738 2349 inducere.
781 2288 868 2365 Equi·

73 2367 149 2426 dem
164 2369 192 2427 in
206 2371 376 2445 quibusdam
391 2371 477 2428 risum
493 2370 540 2428 vix
552 2372 695 2442 tenebam,
711 2389 776 2428 cum
793 2368 868 2425 Atti·

76 2467 121 2506 co
142 2449 235 2525 Lysiae
259 2452 400 2510 Catonem
426 2461 554 2508 nostrum
585 2451 782 2528 comparabas,
809 2467 868 2505 nra-

75 2547 183 2607 guum,
198 2532 373 2603 mehercule,
389 2530 533 2589 hominem
558 2531 600 2589 rel
615 2532 707 2608 potius
722 2546 867 2587 summum

74 2619 112 2666 et
139 2611 313 2689 singularem
342 2613 449 2683 virum;
480 2630 564 2670 nemo
593 2612 670 2670 dicet
694 2627 796 2679 secus,
816 2610 867 2669 sed

74 2693 247 2750 oratoreml
268 2693 419 2751 sedetiam
435 2692 528 2767 Lysiae
553 2691 698 2750 simileml
718 2708 774 2765 qno
796 2691 866 2749 nihil

77 2780 250 2847 potestesse
264 2772 378 2848 pictins.
420 2772 501 2831 Bella
522 2773 624 2844 ironia,
638 2771 662 2827 si
685 2769 866 2847 jocaremur:

76 2851 126 2909 sin
143 2870 348 2923 asseveramus,
362 2852 436 2923 vide,
451 2872 488 2911 ne
502 2853 603 2931 religio
621 2850 703 2908 nobis
716 2860 774 2910 tam
790 2850 869 2910 adhi-

77 2931 176 2991 benda
187 2932 233 3005 sit,
243 2951 329 3009 quarn
344 2932 368 2989 si
379 2933 573 2992 testimoninm
584 2931 773 2991 diceremus*
804 2929 868 3006 Ego
878 2947 917 2989 tet

312 3115 327 3141 ¹·
338 3113 435 3164 Ernesti
443 3115 508 3178 conj.
520 3113 643 3164 dicomut.
