<?xml version="1.0" encoding="UTF-8"?>
<!DOCTYPE html PUBLIC "-//W3C//DTD XHTML 1.0 Transitional//EN"
    "http://www.w3.org/TR/xhtml1/DTD/xhtml1-transitional.dtd">
<html xmlns="http://www.w3.org/1999/xhtml" xml:lang="en" lang="en">
 <head>
  <title>
</title>
<meta http-equiv="Content-Type" content="text/html;charset=utf-8" />
  <meta name='ocr-system' content='tesseract 3.04.00' />
  <meta name='ocr-capabilities' content='ocr_page ocr_carea ocr_par ocr_line ocrx_word'/>
</head>
<body>
  <div class='ocr_page' id='page_1' title='image "./declarisoratori00cicegoog_0053.png"; bbox 0 0 1986 3450; ppageno 0'>
   <div class='ocr_carea' id='block_1_1' title="bbox 136 209 827 272">
    <p class='ocr_par' dir='ltr' id='par_1_1' title="bbox 136 209 827 272">
     <span class='ocr_line' id='line_1_1' title="bbox 136 209 827 272; baseline -0.009 -12"><span class='ocrx_word' id='word_1_1' title='bbox 136 213 176 272; x_wconf 81' lang='lat'>36</span> <span class='ocrx_word' id='word_1_2' title='bbox 235 211 282 260; x_wconf 87' lang='lat' dir='ltr'>DE</span> <span class='ocrx_word' id='word_1_3' title='bbox 304 209 430 259; x_wconf 87' lang='lat' dir='ltr'><strong>CLARIS</strong></span> <span class='ocrx_word' id='word_1_4' title='bbox 454 209 684 268; x_wconf 80' lang='lat' dir='ltr'><strong>ORATORIBUS,</strong></span> <span class='ocrx_word' id='word_1_5' title='bbox 701 210 770 258; x_wconf 67' lang='lat' dir='ltr'>Can.</span> <span class='ocrx_word' id='word_1_6' title='bbox 787 209 827 256; x_wconf 81' lang='lat'>32.</span> 
     </span>
    </p>
   </div>
   <div class='ocr_carea' id='block_1_2' title="bbox 85 352 924 3163">
    <p class='ocr_par' dir='ltr' id='par_1_2' title="bbox 85 352 923 3163">
     <span class='ocr_line' id='line_1_2' title="bbox 136 352 923 432; baseline -0.004 -18"><span class='ocrx_word' id='word_1_7' title='bbox 136 375 192 414; x_wconf 87' lang='lat' dir='ltr'>nec</span> <span class='ocrx_word' id='word_1_8' title='bbox 219 355 281 414; x_wconf 88' lang='lat' dir='ltr'>sine</span> <span class='ocrx_word' id='word_1_9' title='bbox 307 375 343 414; x_wconf 89' lang='lat' dir='ltr'>ea</span> <span class='ocrx_word' id='word_1_10' title='bbox 368 365 462 414; x_wconf 89' lang='lat' dir='ltr'>orator</span> <span class='ocrx_word' id='word_1_11' title='bbox 489 375 552 414; x_wconf 87' lang='lat' dir='ltr'>esse</span> <span class='ocrx_word' id='word_1_12' title='bbox 580 355 731 432; x_wconf 86' lang='lat' dir='ltr'>perfectus.</span> <span class='ocrx_word' id='word_1_13' title='bbox 785 352 863 411; x_wconf 84' lang='lat' dir='ltr'>Nam</span> <span class='ocrx_word' id='word_1_14' title='bbox 892 361 923 411; x_wconf 82' lang='lat' dir='ltr'>ut</span> 
     </span>
     <span class='ocr_line' id='line_1_3' title="bbox 137 435 924 525; baseline -0.003 -31"><span class='ocrx_word' id='word_1_15' title='bbox 137 437 298 496; x_wconf 84' lang='lat' dir='ltr'>Stoicorum</span> <span class='ocrx_word' id='word_1_16' title='bbox 314 435 473 503; x_wconf 83' lang='lat' dir='ltr'><strong>adstrictior</strong></span> <span class='ocrx_word' id='word_1_17' title='bbox 487 446 530 494; x_wconf 88' lang='lat' dir='ltr'>est</span> <span class='ocrx_word' id='word_1_18' title='bbox 543 436 633 494; x_wconf 86' lang='lat' dir='ltr'>oratio</span> <span class='ocrx_word' id='word_1_19' title='bbox 645 435 843 525; x_wconf 86' lang='lat' dir='ltr'>aliquantoque</span> <span class='ocrx_word' id='word_1_20' title='bbox 855 453 924 492; x_wconf 90' lang='lat' dir='ltr'>con·</span> 
     </span>
     <span class='ocr_line' id='line_1_4' title="bbox 136 514 923 606; baseline -0.003 -32"><span class='ocrx_word' id='word_1_21' title='bbox 136 517 263 592; x_wconf 82' lang='lat' dir='ltr'>tractior,</span> <span class='ocrx_word' id='word_1_22' title='bbox 277 536 380 595; x_wconf 89' lang='lat' dir='ltr'>qnam</span> <span class='ocrx_word' id='word_1_23' title='bbox 387 536 471 573; x_wconf 90' lang='lat' dir='ltr'>aures</span> <span class='ocrx_word' id='word_1_24' title='bbox 493 516 590 593; x_wconf 82' lang='lat' dir='ltr'>populi</span> <span class='ocrx_word' id='word_1_25' title='bbox 614 516 780 606; x_wconf 82' lang='lat' dir='ltr'>reqpiront3</span> <span class='ocrx_word' id='word_1_26' title='bbox 803 515 847 571; x_wconf 91' lang='lat' dir='ltr'>sic</span> <span class='ocrx_word' id='word_1_27' title='bbox 863 514 923 572; x_wconf 87' lang='lat' dir='ltr'>illo·</span> 
     </span>
     <span class='ocr_line' id='line_1_5' title="bbox 136 593 922 674; baseline -0.004 -19"><span class='ocrx_word' id='word_1_28' title='bbox 136 616 200 655; x_wconf 91' lang='lat' dir='ltr'>rum</span> <span class='ocrx_word' id='word_1_29' title='bbox 215 598 328 655; x_wconf 81' lang='lat' dir='ltr'>liberior</span> <span class='ocrx_word' id='word_1_30' title='bbox 351 606 379 653; x_wconf 87' lang='lat' dir='ltr'>et</span> <span class='ocrx_word' id='word_1_31' title='bbox 400 596 493 669; x_wconf 86' lang='lat' dir='ltr'>latior,</span> <span class='ocrx_word' id='word_1_32' title='bbox 508 613 594 674; x_wconf 87' lang='lat' dir='ltr'>quam</span> <span class='ocrx_word' id='word_1_33' title='bbox 617 597 721 672; x_wconf 84' lang='lat' dir='ltr'>patitur</span> <span class='ocrx_word' id='word_1_34' title='bbox 743 593 922 655; x_wconf 88' lang='lat' dir='ltr'>consuetudo</span> 
     </span>
     <span class='ocr_line' id='line_1_6' title="bbox 89 673 923 766; baseline -0.005 -30"><span class='ocrx_word' id='word_1_35' title='bbox 89 677 307 754; x_wconf 75' lang='lat' dir='ltr'>reljudiciorum</span> <span class='ocrx_word' id='word_1_36' title='bbox 331 686 360 733; x_wconf 90' lang='lat' dir='ltr'>et</span> <span class='ocrx_word' id='word_1_37' title='bbox 385 677 445 734; x_wconf 88' lang='lat' dir='ltr'>sori</span> <span class='ocrx_word' id='word_1_38' title='bbox 494 676 571 766; x_wconf 77' lang='lat' dir='ltr'>Quis</span> <span class='ocrx_word' id='word_1_39' title='bbox 592 678 670 733; x_wconf 91' lang='lat' dir='ltr'>enim</span> <span class='ocrx_word' id='word_1_40' title='bbox 693 675 834 735; x_wconf 89' lang='lat' dir='ltr'>uberior</span> <span class='ocrx_word' id='word_1_41' title='bbox 827 695 858 732; x_wconf 93' lang='lat' dir='ltr'>m</span> <span class='ocrx_word' id='word_1_42' title='bbox 882 673 923 732; x_wconf 92' lang='lat' dir='ltr'>di-</span> 
     </span>
     <span class='ocr_line' id='line_1_7' title="bbox 137 754 923 831; baseline -0.006 -14"><span class='ocrx_word' id='word_1_43' title='bbox 137 760 230 817; x_wconf 91' lang='lat' dir='ltr'>cendo</span> <span class='ocrx_word' id='word_1_44' title='bbox 245 757 385 815; x_wconf 77' lang='lat' dir='ltr'>Platonet</span> <span class='ocrx_word' id='word_1_45' title='bbox 426 756 568 816; x_wconf 84' lang='lat' dir='ltr'>Jonem</span> <span class='ocrx_word' id='word_1_46' title='bbox 547 776 588 814; x_wconf 89' lang='lat' dir='ltr'>src</span> <span class='ocrx_word' id='word_1_47' title='bbox 601 757 685 813; x_wconf 86' lang='lat' dir='ltr'>aiunt</span> <span class='ocrx_word' id='word_1_48' title='bbox 708 754 920 831; x_wconf 87' lang='lat' dir='ltr'><strong>philosophi,</strong></span> <span class='ocrx_word' id='word_1_49' title='bbox 898 774 923 812; x_wconf 83' lang='lat' dir='ltr'>ar</span> 
     </span>
     <span class='ocr_line' id='line_1_8' title="bbox 136 835 923 915; baseline -0.006 -17"><span class='ocrx_word' id='word_1_50' title='bbox 136 839 239 898; x_wconf 82' lang='lat' dir='ltr'>Graece</span> <span class='ocrx_word' id='word_1_51' title='bbox 263 835 404 914; x_wconf 87' lang='lat' dir='ltr'>loquatur,</span> <span class='ocrx_word' id='word_1_52' title='bbox 419 837 494 915; x_wconf 92' lang='lat' dir='ltr'>loq</span> <span class='ocrx_word' id='word_1_53' title='bbox 468 859 505 895; x_wconf 93' lang='grc' dir='ltr'>ιιι.</span> <span class='ocrx_word' id='word_1_54' title='bbox 545 836 623 898; x_wconf 75' lang='lat' dir='ltr'>Quis</span> <span class='ocrx_word' id='word_1_55' title='bbox 645 836 798 893; x_wconf 82' lang='lat' dir='ltr'>Aristotele</span> <span class='ocrx_word' id='word_1_56' title='bbox 822 854 923 906; x_wconf 65' lang='lat' dir='ltr'>nepve-</span> 
     </span>
     <span class='ocr_line' id='line_1_9' title="bbox 136 914 923 992; baseline -0.003 -17"><span class='ocrx_word' id='word_1_57' title='bbox 136 919 203 991; x_wconf 84' lang='lat' dir='ltr'>sior,</span> <span class='ocrx_word' id='word_1_58' title='bbox 225 916 441 992; x_wconf 86' lang='lat' dir='ltr'>Theophrasto</span> <span class='ocrx_word' id='word_1_59' title='bbox 450 917 580 975; x_wconf 62' lang='lat' dir='ltr'>dulciori</span> <span class='ocrx_word' id='word_1_60' title='bbox 621 915 807 973; x_wconf 81' lang='lat' dir='ltr'>Lectitavisse</span> <span class='ocrx_word' id='word_1_61' title='bbox 830 914 923 980; x_wconf 63' lang='lat' dir='ltr'>Plau</span> 
     </span>
     <span class='ocr_line' id='line_1_10' title="bbox 136 996 923 1069; baseline -0.003 -14"><span class='ocrx_word' id='word_1_62' title='bbox 136 1016 202 1055; x_wconf 85' lang='lat' dir='ltr'>nem</span> <span class='ocrx_word' id='word_1_63' title='bbox 237 998 373 1069; x_wconf 87' lang='lat' dir='ltr'>studiose,</span> <span class='ocrx_word' id='word_1_64' title='bbox 408 998 549 1055; x_wconf 88' lang='lat' dir='ltr'>audivisse</span> <span class='ocrx_word' id='word_1_65' title='bbox 584 996 670 1053; x_wconf 87' lang='lat' dir='ltr'>etiam</span> <span class='ocrx_word' id='word_1_66' title='bbox 709 996 923 1057; x_wconf 87' lang='lat' dir='ltr'>Demosthenes</span> 
     </span>
     <span class='ocr_line' id='line_1_11' title="bbox 136 1076 923 1154; baseline 0 -20"><span class='ocrx_word' id='word_1_67' title='bbox 136 1078 260 1136; x_wconf 92' lang='lat' dir='ltr'>dicitur:</span> <span class='ocrx_word' id='word_1_68' title='bbox 283 1078 369 1154; x_wconf 84' lang='lat' dir='ltr'>idque</span> <span class='ocrx_word' id='word_1_69' title='bbox 382 1088 500 1154; x_wconf 88' lang='lat' dir='ltr'>apparet</span> <span class='ocrx_word' id='word_1_70' title='bbox 523 1095 686 1154; x_wconf 84' lang='lat' dir='ltr'>exgenere</span> <span class='ocrx_word' id='word_1_71' title='bbox 708 1088 737 1134; x_wconf 89' lang='lat' dir='ltr'>et</span> <span class='ocrx_word' id='word_1_72' title='bbox 760 1076 923 1152; x_wconf 75' lang='lat' dir='ltr'>granditate</span> 
     </span>
     <span class='ocr_line' id='line_1_12' title="bbox 136 1156 923 1234; baseline 0.001 -19"><span class='ocrx_word' id='word_1_73' title='bbox 136 1158 305 1218; x_wconf 81' lang='lat' dir='ltr'>verborum:</span> <span class='ocrx_word' id='word_1_74' title='bbox 327 1158 398 1214; x_wconf 90' lang='lat' dir='ltr'>dicit</span> <span class='ocrx_word' id='word_1_75' title='bbox 422 1158 510 1231; x_wconf 81' lang='lat' dir='ltr'>etiam</span> <span class='ocrx_word' id='word_1_76' title='bbox 535 1159 563 1215; x_wconf 89' lang='lat' dir='ltr'>in</span> <span class='ocrx_word' id='word_1_77' title='bbox 589 1157 713 1234; x_wconf 88' lang='lat' dir='ltr'>quadam</span> <span class='ocrx_word' id='word_1_78' title='bbox 734 1156 852 1232; x_wconf 87' lang='lat' dir='ltr'>epistola</span> <span class='ocrx_word' id='word_1_79' title='bbox 868 1158 923 1216; x_wconf 84' lang='lat' dir='ltr'>hoo</span> 
     </span>
     <span class='ocr_line' id='line_1_13' title="bbox 136 1227 924 1314; baseline -0.001 -18"><span class='ocrx_word' id='word_1_80' title='bbox 136 1236 196 1314; x_wconf 89' lang='lat' dir='ltr'>ipse</span> <span class='ocrx_word' id='word_1_81' title='bbox 210 1239 246 1296; x_wconf 88' lang='lat' dir='ltr'>de</span> <span class='ocrx_word' id='word_1_82' title='bbox 260 1258 331 1297; x_wconf 88' lang='lat' dir='ltr'>sese.</span> <span class='ocrx_word' id='word_1_83' title='bbox 373 1239 432 1296; x_wconf 83' lang='lat' dir='ltr'>Sed</span> <span class='ocrx_word' id='word_1_84' title='bbox 446 1250 475 1296; x_wconf 87' lang='lat' dir='ltr'>et</span> <span class='ocrx_word' id='word_1_85' title='bbox 475 1227 574 1314; x_wconf 87' lang='lat' dir='ltr'>hujus</span> <span class='ocrx_word' id='word_1_86' title='bbox 595 1238 686 1295; x_wconf 90' lang='lat' dir='ltr'>oratio</span> <span class='ocrx_word' id='word_1_87' title='bbox 709 1237 738 1294; x_wconf 90' lang='lat' dir='ltr'>in</span> <span class='ocrx_word' id='word_1_88' title='bbox 751 1236 924 1314; x_wconf 73' lang='lat' dir='ltr'>philosophi·</span> 
     </span>
     <span class='ocr_line' id='line_1_14' title="bbox 137 1316 923 1396; baseline -0.003 -19"><span class='ocrx_word' id='word_1_89' title='bbox 137 1338 181 1378; x_wconf 85' lang='lat' dir='ltr'>aru</span> <span class='ocrx_word' id='word_1_90' title='bbox 197 1318 334 1377; x_wconf 84' lang='lat' dir='ltr'>translata</span> <span class='ocrx_word' id='word_1_91' title='bbox 346 1320 514 1396; x_wconf 85' lang='lat' dir='ltr'>pugnacior,</span> <span class='ocrx_word' id='word_1_92' title='bbox 530 1329 561 1377; x_wconf 92' lang='lat' dir='ltr'>ut</span> <span class='ocrx_word' id='word_1_93' title='bbox 582 1318 622 1376; x_wconf 87' lang='lat' dir='ltr'>ite</span> <span class='ocrx_word' id='word_1_94' title='bbox 646 1317 763 1389; x_wconf 87' lang='lat' dir='ltr'>dicam,</span> <span class='ocrx_word' id='word_1_95' title='bbox 767 1316 880 1377; x_wconf 87' lang='lat' dir='ltr'>ridetur</span> <span class='ocrx_word' id='word_1_96' title='bbox 894 1327 923 1376; x_wconf 89' lang='lat' dir='ltr'>et</span> 
     </span>
     <span class='ocr_line' id='line_1_15' title="bbox 136 1397 829 1476; baseline -0.006 -19"><span class='ocrx_word' id='word_1_97' title='bbox 136 1397 269 1457; x_wconf 90' lang='lat' dir='ltr'>illorum</span> <span class='ocrx_word' id='word_1_98' title='bbox 262 1420 291 1457; x_wconf 92' lang='lat' dir='ltr'>m</span> <span class='ocrx_word' id='word_1_99' title='bbox 302 1398 413 1476; x_wconf 80' lang='lat' dir='ltr'>judicia</span> <span class='ocrx_word' id='word_1_100' title='bbox 426 1401 561 1476; x_wconf 82' lang='lat' dir='ltr'>pacatior.</span> <span class='ocrx_word' id='word_1_101' title='bbox 824 1444 829 1453; x_wconf 77' lang='grc'><em>,</em></span> 
     </span>
     <span class='ocr_line' id='line_1_16' title="bbox 88 1471 922 1560; baseline -0.004 -21"><span class='ocrx_word' id='word_1_102' title='bbox 88 1498 126 1539; x_wconf 79' lang='grc' dir='ltr'>ιιι</span> <span class='ocrx_word' id='word_1_103' title='bbox 175 1471 309 1538; x_wconf 82' lang='lat' dir='ltr'>XXXII.</span> <span class='ocrx_word' id='word_1_104' title='bbox 336 1478 425 1537; x_wconf 90' lang='lat' dir='ltr'>Nunc</span> <span class='ocrx_word' id='word_1_105' title='bbox 450 1481 622 1560; x_wconf 87' lang='lat' dir='ltr'>reliquorum</span> <span class='ocrx_word' id='word_1_106' title='bbox 646 1487 789 1536; x_wconf 88' lang='lat' dir='ltr'>oratorum</span> <span class='ocrx_word' id='word_1_107' title='bbox 812 1487 922 1551; x_wconf 70' lang='lat' dir='ltr'>aetates,</span> 
     </span>
     <span class='ocr_line' id='line_1_17' title="bbox 136 1556 921 1639; baseline -0.001 -21"><span class='ocrx_word' id='word_1_108' title='bbox 136 1580 160 1618; x_wconf 90' lang='lat' dir='ltr'>sr</span> <span class='ocrx_word' id='word_1_109' title='bbox 153 1560 278 1637; x_wconf 73' lang='lat' dir='ltr'>&#39;placet</span> <span class='ocrx_word' id='word_1_110' title='bbox 293 1569 321 1617; x_wconf 92' lang='lat' dir='ltr'>et</span> <span class='ocrx_word' id='word_1_111' title='bbox 346 1561 452 1637; x_wconf 87' lang='lat' dir='ltr'>gradus</span> <span class='ocrx_word' id='word_1_112' title='bbox 476 1578 688 1639; x_wconf 88' lang='lat' dir='ltr'>persequamur.</span> <span class='ocrx_word' id='word_1_113' title='bbox 730 1556 822 1616; x_wconf 91' lang='lat' dir='ltr'>Nobis</span> <span class='ocrx_word' id='word_1_114' title='bbox 844 1577 921 1628; x_wconf 80' lang='lat' dir='ltr'>vero,</span> 
     </span>
     <span class='ocr_line' id='line_1_18' title="bbox 136 1639 923 1728; baseline 0 -30"><span class='ocrx_word' id='word_1_115' title='bbox 136 1641 228 1717; x_wconf 89' lang='lat' dir='ltr'>inquit</span> <span class='ocrx_word' id='word_1_116' title='bbox 252 1640 378 1711; x_wconf 86' lang='lat' dir='ltr'>Atticus,</span> <span class='ocrx_word' id='word_1_117' title='bbox 402 1652 431 1698; x_wconf 87' lang='grc' dir='ltr'>ει</span> <span class='ocrx_word' id='word_1_118' title='bbox 458 1642 642 1699; x_wconf 86' lang='lat' dir='ltr'>vehementer</span> <span class='ocrx_word' id='word_1_119' title='bbox 664 1639 797 1728; x_wconf 32' lang='lat' dir='ltr'>quide-Jm</span> <span class='ocrx_word' id='word_1_120' title='bbox 817 1649 848 1695; x_wconf 87' lang='lat' dir='ltr'>ut</span> <span class='ocrx_word' id='word_1_121' title='bbox 873 1658 923 1715; x_wconf 89' lang='grc' dir='ltr'>ριο</span> 
     </span>
     <span class='ocr_line' id='line_1_19' title="bbox 136 1717 923 1805; baseline -0.001 -28"><span class='ocrx_word' id='word_1_122' title='bbox 136 1719 225 1785; x_wconf 86' lang='grc' dir='ltr'>Βιιιιο</span> <span class='ocrx_word' id='word_1_123' title='bbox 237 1720 333 1779; x_wconf 89' lang='lat' dir='ltr'>etiam</span> <span class='ocrx_word' id='word_1_124' title='bbox 341 1721 536 1805; x_wconf 87' lang='lat' dir='ltr'>respondeam</span> <span class='ocrx_word' id='word_1_125' title='bbox 578 1719 668 1780; x_wconf 84' lang='lat' dir='ltr'>Curio</span> <span class='ocrx_word' id='word_1_126' title='bbox 682 1718 755 1777; x_wconf 84' lang='lat' dir='ltr'>suit</span> <span class='ocrx_word' id='word_1_127' title='bbox 748 1717 835 1796; x_wconf 79' lang='lat' dir='ltr'>igitur</span> <span class='ocrx_word' id='word_1_128' title='bbox 849 1718 923 1795; x_wconf 89' lang='lat' dir='ltr'>ejus·</span> 
     </span>
     <span class='ocr_line' id='line_1_20' title="bbox 136 1797 922 1890; baseline 0 -34"><span class='ocrx_word' id='word_1_129' title='bbox 136 1799 201 1856; x_wconf 90' lang='lat' dir='ltr'>dem</span> <span class='ocrx_word' id='word_1_130' title='bbox 224 1799 315 1858; x_wconf 83' lang='lat' dir='ltr'>aetatis</span> <span class='ocrx_word' id='word_1_131' title='bbox 337 1798 395 1856; x_wconf 86' lang='lat' dir='ltr'>fere</span> <span class='ocrx_word' id='word_1_132' title='bbox 420 1819 489 1858; x_wconf 87' lang='lat' dir='ltr'>sane</span> <span class='ocrx_word' id='word_1_133' title='bbox 514 1800 629 1859; x_wconf 88' lang='lat' dir='ltr'>illustris</span> <span class='ocrx_word' id='word_1_134' title='bbox 651 1813 755 1890; x_wconf 76' lang='lat' dir='ltr'>orator,</span> <span class='ocrx_word' id='word_1_135' title='bbox 780 1797 863 1873; x_wconf 87' lang='lat' dir='ltr'>cujus</span> <span class='ocrx_word' id='word_1_136' title='bbox 885 1799 922 1856; x_wconf 88' lang='lat' dir='ltr'>de</span> 
     </span>
     <span class='ocr_line' id='line_1_21' title="bbox 120 1878 920 1970; baseline 0.005 -34"><span class='ocrx_word' id='word_1_137' title='bbox 120 1878 254 1955; x_wconf 84' lang='lat' dir='ltr'>&#39;ingenio</span> <span class='ocrx_word' id='word_1_138' title='bbox 282 1898 317 1936; x_wconf 85' lang='lat' dir='ltr'>ex</span> <span class='ocrx_word' id='word_1_139' title='bbox 344 1879 521 1937; x_wconf 88' lang='lat' dir='ltr'>orationibus</span> <span class='ocrx_word' id='word_1_140' title='bbox 548 1880 609 1956; x_wconf 89' lang='lat' dir='ltr'>ejus</span> <span class='ocrx_word' id='word_1_141' title='bbox 636 1878 791 1937; x_wconf 83' lang='lat' dir='ltr'>existimari</span> <span class='ocrx_word' id='word_1_142' title='bbox 809 1890 920 1970; x_wconf 82' lang='lat' dir='ltr'>potest.</span> 
     </span>
     <span class='ocr_line' id='line_1_22' title="bbox 136 1958 921 2035; baseline 0.003 -18"><span class='ocrx_word' id='word_1_143' title='bbox 136 1961 210 2018; x_wconf 85' lang='lat' dir='ltr'>Sunt</span> <span class='ocrx_word' id='word_1_144' title='bbox 224 1958 301 2016; x_wconf 87' lang='lat' dir='ltr'>enim</span> <span class='ocrx_word' id='word_1_145' title='bbox 316 1967 344 2015; x_wconf 90' lang='lat' dir='ltr'>et</span> <span class='ocrx_word' id='word_1_146' title='bbox 360 1959 421 2018; x_wconf 86' lang='lat' dir='ltr'>aliae</span> <span class='ocrx_word' id='word_1_147' title='bbox 436 1969 464 2016; x_wconf 90' lang='lat' dir='ltr'>et</span> <span class='ocrx_word' id='word_1_148' title='bbox 483 1979 534 2035; x_wconf 93' lang='lat' dir='ltr'>pro</span> <span class='ocrx_word' id='word_1_149' title='bbox 562 1961 623 2020; x_wconf 85' lang='lat' dir='ltr'>Ser.</span> <span class='ocrx_word' id='word_1_150' title='bbox 639 1959 742 2018; x_wconf 79' lang='lat' dir='ltr'>Fulvio</span> <span class='ocrx_word' id='word_1_151' title='bbox 757 1959 814 2017; x_wconf 84' lang='lat' dir='ltr'>de&#39;</span> <span class='ocrx_word' id='word_1_152' title='bbox 808 1971 921 2034; x_wconf 84' lang='lat' dir='ltr'>moestu</span> 
     </span>
     <span class='ocr_line' id='line_1_23' title="bbox 134 2038 922 2118; baseline 0.003 -22"><span class='ocrx_word' id='word_1_153' title='bbox 134 2038 239 2096; x_wconf 89' lang='lat' dir='ltr'>nobilis</span> <span class='ocrx_word' id='word_1_154' title='bbox 265 2038 365 2098; x_wconf 88' lang='lat' dir='ltr'>oratio.</span> <span class='ocrx_word' id='word_1_155' title='bbox 408 2038 501 2096; x_wconf 91' lang='lat' dir='ltr'>Nobis</span> <span class='ocrx_word' id='word_1_156' title='bbox 527 2041 642 2118; x_wconf 88' lang='lat' dir='ltr'>quidem</span> <span class='ocrx_word' id='word_1_157' title='bbox 669 2040 766 2118; x_wconf 86' lang='lat' dir='ltr'>pueris</span> <span class='ocrx_word' id='word_1_158' title='bbox 790 2040 922 2100; x_wconf 90' lang='lat' dir='ltr'>omnium</span> 
     </span>
     <span class='ocr_line' id='line_1_24' title="bbox 134 2119 921 2197; baseline 0.005 -21"><span class='ocrx_word' id='word_1_159' title='bbox 134 2119 240 2196; x_wconf 87' lang='lat' dir='ltr'>optima</span> <span class='ocrx_word' id='word_1_160' title='bbox 253 2119 416 2195; x_wconf 85' lang='lat' dir='ltr'>putabatur,</span> <span class='ocrx_word' id='word_1_161' title='bbox 432 2140 496 2197; x_wconf 86' lang='lat' dir='ltr'>quae</span> <span class='ocrx_word' id='word_1_162' title='bbox 511 2122 557 2178; x_wconf 84' lang='lat' dir='ltr'>vix</span> <span class='ocrx_word' id='word_1_163' title='bbox 573 2120 633 2197; x_wconf 89' lang='lat' dir='ltr'>jam</span> <span class='ocrx_word' id='word_1_164' title='bbox 659 2131 808 2197; x_wconf 91' lang='lat' dir='ltr'>comparet</span> <span class='ocrx_word' id='word_1_165' title='bbox 819 2120 848 2177; x_wconf 91' lang='lat' dir='ltr'>iu</span> <span class='ocrx_word' id='word_1_166' title='bbox 864 2122 921 2180; x_wconf 87' lang='lat' dir='ltr'>hac</span> 
     </span>
     <span class='ocr_line' id='line_1_25' title="bbox 86 2198 922 2278; baseline 0 -18"><span class='ocrx_word' id='word_1_167' title='bbox 86 2198 218 2260; x_wconf 79' lang='lat' dir='ltr'>rmturba</span> <span class='ocrx_word' id='word_1_168' title='bbox 244 2218 382 2258; x_wconf 83' lang='lat' dir='ltr'>novorum</span> <span class='ocrx_word' id='word_1_169' title='bbox 410 2201 591 2261; x_wconf 89' lang='lat' dir='ltr'>voluminum.</span> <span class='ocrx_word' id='word_1_170' title='bbox 647 2201 799 2270; x_wconf 65' lang='lat' dir='ltr'>Praeclare,</span> <span class='ocrx_word' id='word_1_171' title='bbox 827 2201 922 2278; x_wconf 90' lang='lat' dir='ltr'>inquit</span> 
     </span>
     <span class='ocr_line' id='line_1_26' title="bbox 134 2279 923 2358; baseline 0 -19"><span class='ocrx_word' id='word_1_172' title='bbox 134 2279 249 2352; x_wconf 87' lang='lat' dir='ltr'>Brutus,</span> <span class='ocrx_word' id='word_1_173' title='bbox 264 2291 358 2351; x_wconf 90' lang='lat' dir='ltr'>teneo,</span> <span class='ocrx_word' id='word_1_174' title='bbox 373 2281 421 2358; x_wconf 92' lang='lat' dir='ltr'>qui</span> <span class='ocrx_word' id='word_1_175' title='bbox 436 2281 518 2339; x_wconf 90' lang='lat' dir='ltr'>istam</span> <span class='ocrx_word' id='word_1_176' title='bbox 536 2284 650 2341; x_wconf 88' lang='lat' dir='ltr'>turbam</span> <span class='ocrx_word' id='word_1_177' title='bbox 665 2281 839 2339; x_wconf 86' lang='lat' dir='ltr'>voluminum</span> <span class='ocrx_word' id='word_1_178' title='bbox 853 2281 923 2339; x_wconf 81' lang='lat' dir='ltr'>effe·</span> 
     </span>
     <span class='ocr_line' id='line_1_27' title="bbox 135 2350 920 2452; baseline 0.004 -34"><span class='ocrx_word' id='word_1_179' title='bbox 135 2361 214 2419; x_wconf 89' lang='lat' dir='ltr'>cerit.</span> <span class='ocrx_word' id='word_1_180' title='bbox 256 2360 305 2419; x_wconf 88' lang='lat' dir='ltr'>Et</span> <span class='ocrx_word' id='word_1_181' title='bbox 317 2380 381 2438; x_wconf 81' lang='lat' dir='ltr'>ego,</span> <span class='ocrx_word' id='word_1_182' title='bbox 405 2362 533 2452; x_wconf 83' lang='lat' dir='ltr'>inquam,</span> <span class='ocrx_word' id='word_1_183' title='bbox 560 2350 697 2439; x_wconf 85' lang='lat' dir='ltr'>intelligo,</span> <span class='ocrx_word' id='word_1_184' title='bbox 720 2361 818 2432; x_wconf 88' lang='lat' dir='ltr'>Brute,</span> <span class='ocrx_word' id='word_1_185' title='bbox 833 2381 920 2438; x_wconf 87' lang='lat' dir='ltr'>quem</span> 
     </span>
     <span class='ocr_line' id='line_1_28' title="bbox 134 2440 921 2520; baseline 0.003 -22"><span class='ocrx_word' id='word_1_186' title='bbox 134 2442 223 2500; x_wconf 88' lang='lat' dir='ltr'>dicas.</span> <span class='ocrx_word' id='word_1_187' title='bbox 264 2440 352 2498; x_wconf 81' lang='lat' dir='ltr'>Certe</span> <span class='ocrx_word' id='word_1_188' title='bbox 378 2443 456 2499; x_wconf 88' lang='lat' dir='ltr'>enim</span> <span class='ocrx_word' id='word_1_189' title='bbox 483 2455 511 2500; x_wconf 86' lang='lat' dir='ltr'>et</span> <span class='ocrx_word' id='word_1_190' title='bbox 539 2443 607 2502; x_wconf 89' lang='lat' dir='ltr'>boni</span> <span class='ocrx_word' id='word_1_191' title='bbox 636 2442 742 2520; x_wconf 89' lang='lat' dir='ltr'>aliquid</span> <span class='ocrx_word' id='word_1_192' title='bbox 771 2441 921 2500; x_wconf 86' lang='lat' dir='ltr'>attulimus</span> 
     </span>
     <span class='ocr_line' id='line_1_29' title="bbox 131 2521 921 2600; baseline 0.003 -21"><span class='ocrx_word' id='word_1_193' title='bbox 131 2521 283 2598; x_wconf 82' lang='lat' dir='ltr'>juventuti,</span> <span class='ocrx_word' id='word_1_194' title='bbox 310 2522 551 2598; x_wconf 86' lang='lat' dir='ltr'>magnificentius,</span> <span class='ocrx_word' id='word_1_195' title='bbox 578 2543 664 2600; x_wconf 86' lang='lat' dir='ltr'>quam</span> <span class='ocrx_word' id='word_1_196' title='bbox 698 2522 799 2591; x_wconf 85' lang='lat' dir='ltr'>fuerat,</span> <span class='ocrx_word' id='word_1_197' title='bbox 827 2537 921 2600; x_wconf 83' lang='lat' dir='ltr'>genus</span> 
     </span>
     <span class='ocr_line' id='line_1_30' title="bbox 134 2601 919 2680; baseline 0.006 -23"><span class='ocrx_word' id='word_1_198' title='bbox 134 2601 250 2660; x_wconf 90' lang='lat' dir='ltr'>dicendi</span> <span class='ocrx_word' id='word_1_199' title='bbox 264 2611 292 2660; x_wconf 91' lang='lat' dir='ltr'>et</span> <span class='ocrx_word' id='word_1_200' title='bbox 305 2602 452 2672; x_wconf 88' lang='lat' dir='ltr'>ornatius;</span> <span class='ocrx_word' id='word_1_201' title='bbox 475 2614 504 2660; x_wconf 90' lang='lat' dir='ltr'>et</span> <span class='ocrx_word' id='word_1_202' title='bbox 523 2604 674 2662; x_wconf 89' lang='lat' dir='ltr'>nocuimus</span> <span class='ocrx_word' id='word_1_203' title='bbox 698 2604 827 2673; x_wconf 86' lang='lat' dir='ltr'>fortasse,</span> <span class='ocrx_word' id='word_1_204' title='bbox 842 2603 919 2680; x_wconf 88' lang='lat' dir='ltr'>quod</span> 
     </span>
     <span class='ocr_line' id='line_1_31' title="bbox 134 2683 920 2759; baseline 0.008 -24"><span class='ocrx_word' id='word_1_205' title='bbox 134 2692 242 2740; x_wconf 85' lang='lat' dir='ltr'>veteres</span> <span class='ocrx_word' id='word_1_206' title='bbox 256 2683 398 2740; x_wconf 86' lang='lat' dir='ltr'>orationes</span> <span class='ocrx_word' id='word_1_207' title='bbox 416 2693 478 2758; x_wconf 89' lang='lat' dir='ltr'>post</span> <span class='ocrx_word' id='word_1_208' title='bbox 502 2694 622 2755; x_wconf 87' lang='lat' dir='ltr'>nostras,</span> <span class='ocrx_word' id='word_1_209' title='bbox 637 2703 695 2741; x_wconf 91' lang='lat' dir='ltr'>non</span> <span class='ocrx_word' id='word_1_210' title='bbox 710 2703 726 2740; x_wconf 86' lang='lat' dir='ltr'>a</span> <span class='ocrx_word' id='word_1_211' title='bbox 740 2703 786 2741; x_wconf 90' lang='lat' dir='ltr'>me</span> <span class='ocrx_word' id='word_1_212' title='bbox 800 2684 920 2759; x_wconf 88' lang='lat' dir='ltr'>quidem</span> 
     </span>
     <span class='ocr_line' id='line_1_32' title="bbox 136 2758 919 2856; baseline 0.008 -40"><span class='ocrx_word' id='word_1_213' title='bbox 136 2758 221 2837; x_wconf 85' lang='lat' dir='ltr'>(meis</span> <span class='ocrx_word' id='word_1_214' title='bbox 235 2764 311 2820; x_wconf 87' lang='lat' dir='ltr'>enim</span> <span class='ocrx_word' id='word_1_215' title='bbox 326 2763 406 2820; x_wconf 87' lang='lat' dir='ltr'>illas</span> <span class='ocrx_word' id='word_1_216' title='bbox 414 2765 568 2854; x_wconf 82' lang='lat' dir='ltr'>antepono)</span> <span class='ocrx_word' id='word_1_217' title='bbox 584 2765 633 2821; x_wconf 91' lang='lat' dir='ltr'>sed</span> <span class='ocrx_word' id='word_1_218' title='bbox 660 2782 676 2821; x_wconf 90' lang='lat' dir='ltr'>a</span> <span class='ocrx_word' id='word_1_219' title='bbox 696 2764 841 2856; x_wconf 86' lang='lat' dir='ltr'>plerisque</span> <span class='ocrx_word' id='word_1_220' title='bbox 860 2763 919 2842; x_wconf 81' lang='lat' dir='ltr'>legi</span> 
     </span>
     <span class='ocr_line' id='line_1_33' title="bbox 134 2841 917 2921; baseline 0.01 -25"><span class='ocrx_word' id='word_1_221' title='bbox 134 2850 200 2897; x_wconf 85' lang='lat' dir='ltr'>sunt</span> <span class='ocrx_word' id='word_1_222' title='bbox 214 2841 320 2902; x_wconf 86' lang='lat' dir='ltr'>desitae.</span> <span class='ocrx_word' id='word_1_223' title='bbox 363 2841 502 2912; x_wconf 87' lang='lat' dir='ltr'>Numera,</span> <span class='ocrx_word' id='word_1_224' title='bbox 518 2843 619 2921; x_wconf 88' lang='lat' dir='ltr'>iuquit,</span> <span class='ocrx_word' id='word_1_225' title='bbox 635 2862 681 2902; x_wconf 89' lang='lat' dir='ltr'>me</span> <span class='ocrx_word' id='word_1_226' title='bbox 702 2845 731 2902; x_wconf 93' lang='lat' dir='ltr'>in</span> <span class='ocrx_word' id='word_1_227' title='bbox 754 2844 917 2921; x_wconf 86' lang='lat' dir='ltr'>plerisque:</span> 
     </span>
     <span class='ocr_line' id='line_1_34' title="bbox 134 2922 919 3002; baseline 0.006 -24"><span class='ocrx_word' id='word_1_228' title='bbox 134 2939 305 2998; x_wconf 84' lang='lat' dir='ltr'>quamquam</span> <span class='ocrx_word' id='word_1_229' title='bbox 333 2923 414 2982; x_wconf 86' lang='lat' dir='ltr'>video</span> <span class='ocrx_word' id='word_1_230' title='bbox 440 2923 511 2980; x_wconf 86' lang='lat' dir='ltr'>mihi</span> <span class='ocrx_word' id='word_1_231' title='bbox 539 2924 628 2981; x_wconf 82' lang='lat' dir='ltr'>multa</span> <span class='ocrx_word' id='word_1_232' title='bbox 654 2922 812 3002; x_wconf 84' lang='lat' dir='ltr'>legenda</span> <span class='ocrx_word' id='word_1_233' title='bbox 801 2943 862 2999; x_wconf 86' lang='lat' dir='ltr'>Jum</span> <span class='ocrx_word' id='word_1_234' title='bbox 890 2936 919 2983; x_wconf 83' lang='lat' dir='ltr'>te</span> 
     </span>
     <span class='ocr_line' id='line_1_35' title="bbox 85 3004 918 3081; baseline 0.005 -20"><span class='ocrx_word' id='word_1_235' title='bbox 85 3013 260 3074; x_wconf 76' lang='lat' dir='ltr'>rerauctore,</span> <span class='ocrx_word' id='word_1_236' title='bbox 275 3022 336 3079; x_wconf 84' lang='lat' dir='ltr'>quae</span> <span class='ocrx_word' id='word_1_237' title='bbox 352 3016 436 3061; x_wconf 83' lang='lat' dir='ltr'>antea</span> <span class='ocrx_word' id='word_1_238' title='bbox 460 3006 688 3063; x_wconf 88' lang='lat' dir='ltr'>contemnebam.</span> <span class='ocrx_word' id='word_1_239' title='bbox 730 3004 820 3081; x_wconf 90' lang='lat' dir='ltr'>Atqui</span> <span class='ocrx_word' id='word_1_240' title='bbox 840 3005 918 3077; x_wconf 84' lang='lat' dir='ltr'>haec,</span> 
     </span>
     <span class='ocr_line' id='line_1_36' title="bbox 133 3081 919 3163; baseline 0.005 -23"><span class='ocrx_word' id='word_1_241' title='bbox 133 3081 260 3160; x_wconf 89' lang='lat' dir='ltr'>inquam,</span> <span class='ocrx_word' id='word_1_242' title='bbox 282 3084 317 3141; x_wconf 90' lang='lat' dir='ltr'>de</span> <span class='ocrx_word' id='word_1_243' title='bbox 342 3083 454 3143; x_wconf 82' lang='lat' dir='ltr'>incestu</span> <span class='ocrx_word' id='word_1_244' title='bbox 478 3085 596 3144; x_wconf 81' lang='lat' dir='ltr'>laudate</span> <span class='ocrx_word' id='word_1_245' title='bbox 621 3085 712 3146; x_wconf 89' lang='lat' dir='ltr'>oratio</span> <span class='ocrx_word' id='word_1_246' title='bbox 732 3084 851 3163; x_wconf 83' lang='lat' dir='ltr'>puerilis</span> <span class='ocrx_word' id='word_1_247' title='bbox 873 3095 919 3145; x_wconf 82' lang='lat' dir='ltr'>est</span> 
     </span>
    </p>
   </div>
   <div class='ocr_carea' id='block_1_3' title="bbox 0 0 998 3450">
    <p class='ocr_par' dir='ltr' id='par_1_3' title="bbox 0 0 998 3450">
     <span class='ocr_line' id='line_1_37' title="bbox 0 0 998 3450; baseline 0 1"><span class='ocrx_word' id='word_1_248' title='bbox 0 0 998 3450; x_wconf 95' lang='lat' dir='ltr'> </span> 
     </span>
    </p>
   </div>
  </div>
 </body>
</html>
