1986 3450
134 217 175 277 92
242 215 294 271 ΒΕ4
311 215 437 265 CLARIS
459 213 688 271 ORATORIBUS,
705 214 774 263 CAP-
791 215 831 263 84.

135 362 266 420 sthenem
296 361 382 440 igitur
409 361 560 433 imitemur.
601 359 629 417 Ο
656 359 698 417 dii
725 359 811 418 boni!
839 360 924 436 quid,

134 461 241 520 quaeso,
260 462 312 501 nos
336 442 412 500 aliud
436 442 556 518 agimus,
574 441 714 517 autquid
740 441 817 500 aliud
842 453 925 517 opta·

135 525 221 581 musl
263 525 304 581 At
317 543 374 580 non
390 522 574 598 assequimur.
616 520 668 579 Isti
691 522 768 579 euim
785 521 924 580 videlicet

135 603 228 671 Attici
255 604 353 673 nostri,
380 603 454 678 quod
483 601 589 670 volunt,
619 613 817 677 assequuntur.
875 602 923 661 Ne

135 683 205 741 illud
220 685 334 759 quidem
349 683 513 759 intelligunt
526 701 583 739 non
606 682 690 740 modo
714 681 753 740 ita
774 680 923 742 memoriae

134 763 276 840 proditum
298 782 362 820 esse
386 763 436 819 sed
463 764 501 819 ita
525 781 644 820 necesse
667 762 764 834 fuisse,
779 781 848 820 curn
862 763 924 821 -De-

134 844 298 901 mostheues
312 843 442 900 dicturus
456 855 541 913 esset,
556 852 599 899 ut.
608 861 767 903 concursus
781 843 922 901 audiendi

134 940 222 981 causa
236 941 272 981 ex
286 935 345 981 tota
358 923 473 982 Graecia
486 923 595 980 fierent.
630 924 671 979 At
685 941 752 980 curn
766 923 812 980 isti
827 923 923 983 Attici

133 1003 244 1074 dicunt,
272 1023 328 1062 non
356 1004 440 1061 modo
467 1023 484 1060 a
510 1022 626 1074 corona,
653 1003 728 1079 quod
755 1014 799 1061 est
826 1003 922 1080 ipsum

133 1083 306 1152 miserabile,
322 1085 473 1142 sedetiam
490 1084 526 1140 ab
546 1084 692 1142 advocatis
709 1083 923 1162 relinquuntur.

133 1162 235 1227 Quare
247 1165 271 1222 si
283 1173 402 1242 anguste
417 1165 444 1222 e't
457 1165 569 1223 exiliter
583 1164 680 1222 dicere
691 1164 924 1234 estaAtticorum,

133 1244 191 1302 sint
214 1265 285 1304 sanc
310 1245 421 1303 Attici:
436 1246 493 1303 sed
519 1245 549 1302 iu
573 1244 721 1302 comitium
736 1245 866 1317 veniant,
882 1247 918 1304 ad

134 1336 257 1385 stantem
276 1326 405 1402 judicem
426 1327 534 1384 dicant.
577 1324 719 1404 Subsellia
739 1325 924 1403 grandiorem

83 1417 162 1465 asset
175 1406 333 1483 pleniorem
347 1425 447 1465 vocem
472 1406 644 1465 desiderant.
680 1405 754 1464 Volo
766 1407 833 1471 ⁴boc
856 1425 922 1464 ora·

133 1487 189 1546 tori
214 1488 372 1565 contingat,
393 1499 438 1558 ut,
456 1507 522 1545 curn
551 1485 679 1545 auditum
705 1486 743 1543 sit
766 1504 832 1544 eum
858 1505 925 1544 esse

133 1567 288 1640 dicturum,
302 1569 383 1638 locus
398 1567 427 1624 in
442 1567 584 1625 subselliis
596 1578 762 1642 occupetur,
777 1567 922 1643 complea-

133 1656 186 1707 tur'
203 1647 482 1726 tribunal,‚‚gratiosi
508 1647 609 1706 scribae
635 1646 742 1704 sintin
768 1647 866 1705 dando
893 1658 921 1706 et

134 1727 265 1787 cedendo
286 1730 359 1800 loco,
375 1747 481 1786 corona
505 1727 663 1804 multiplex,
673 1727 762 1803 judex
785 1738 923 1787 erectus:

134 1810 324 1887 curnsurgit¹
338 1809 372 1876 is,
394 1809 442 1885 qui
469 1808 600 1865 dicturus
627 1807 673 1878 sit,
697 1807 879 1884 significetur
904 1827 921 1866 a

73 1958 77 1965 ,
134 1907 240 1949 corona
268 1889 432 1947 silentium:
453 1887 558 1946 deinde
593 1888 701 1947 crebrae
728 1887 921 1958 assensiones,

134 1971 231 2030 multae
254 1969 476 2037 admirationes;
496 1968 580 2038 risus,
595 1987 662 2025 cum
683 1968 768 2038 velit;
791 1988 860 2027 cunr
875 1989 923 2028 vs·

133 2049 178 2121 lit,
201 2050 300 2108 fletus:
323 2061 363 2117 ut,
387 2049 435 2126 qui
460 2048 522 2108 haec
543 2049 642 2125 procul
667 2048 772 2120 videat,
794 2049 920 2122 etiamsi,

133 2130 201 2206 quid
216 2139 326 2207 agatur,
335 2130 458 2201 *nesciae
471 2140 500 2187 at
509 2130 622 2206 placere
636 2138 732 2188 tamen
745 2140 775 2187 ct
788 2129 818 2188 iu
829 2149 921 2193 scens

133 2229 197 2270 esse
212 2211 351 2270 Roscium
377 2210 525 2288 intelligat.
568 2211 642 2269 Haec
664 2209 712 2267 cui
736 2212 919 2288 contingant,

133 2311 201 2351 eum
214 2292 287 2350 scito
301 2292 398 2349 Attice
412 2292 519 2362 dicere,
534 2301 565 2349 ut
579 2292 616 2350 de
630 2289 742 2349 Pericle
757 2291 922 2365 audiamus,

134 2385 166 2432 ut
180 2375 216 2432 de
231 2371 386 2448 Hyperide,
400 2382 433 2428 ut
445 2372 483 2430 do
505 2371 656 2442 AEschinc,
671 2371 707 2429 de
727 2370 788 2448 ipso
801 2371 920 2449 quidem

83 2470 122 2512 aar
134 2452 329 2512 Demosthene
344 2452 475 2509 maxime.
518 2453 570 2510 Sin
595 2464 690 2510 autem
713 2463 841 2522 acutum,
856 2473 924 2529 pru·

133 2534 205 2592 dens
219 2544 248 2591 et
261 2534 336 2590 idem
346 2532 495 2590 'sincerum
511 2543 540 2591 ot
561 2533 682 2591 solidum
697 2542 725 2590 et
739 2531 919 2591 exsiccatum

133 2632 225 2690 genus
237 2613 373 2672 orationis
386 2614 516 2689 probant,
530 2633 585 2671 nco
609 2612 658 2671 illo
670 2613 800 2689 graviore
813 2624 919 2673 ornatu

132 2694 254 2752 oratorio
267 2706 395 2766 utuntur,
409 2704 438 2752 et
452 2694 661 2771 hooproprium
675 2712 738 2751 esse
753 2692 919 2752 Atticorum

133 2771 334 2844 volun.t‚reote
353 2775 481 2833 laudant.
523 2773 575 2831 Est
599 2773 676 2841 enim
701 2774 730 2831 in
753 2785 814 2832 arte
838 2785 921 2833 tauto

132 2863 247 2930 tamque
258 2857 336 2914 varia
346 2856 432 2914 etiam
444 2854 512 2912 huic
526 2855 642 2914 minutae
657 2854 807 2912 subtilitati
820 2853 921 2915 locus:

130 2933 174 2994 ,ita
188 2933 246 3006 liet,
261 2945 292 2992 ut
314 2956 372 2994 non
392 2955 502 3003 omnes,
516 2935 565 3011 qui
589 2935 698 3004 Attice,
712 2935 801 2994 iidem
822 2935 919 3008 bene;

132 3014 183 3074 sed
211 3025 244 3073 ut
268 3033 378 3089 ornnes,
402 3017 451 3094 qui
478 3014 562 3084 bene,
587 3015 674 3074 iidem
701 3016 788 3074 etiam
816 3015 922 3076 Attice

132 3095 239 3156 dicant„
280 3096 340 3156 Sed
353 3098 505 3181 redeamus
517 3115 615 3157 rursus
628 3096 665 3156 ad
678 3095 878 3158 Hortensium.
