1986 3450
192 228 238 282 ΒΕ
265 231 391 281 CLARIS
410 231 640 290 oneronrssus,
657 233 725 282 cnr.
744 226 781 282 l'l.
844 234 880 294 19

98 378 279 457 quiquidem
302 397 381 437 nuno
404 387 480 452 sunt,
494 378 583 457 legitl
603 379 735 456 ant-quis
755 379 834 437 norit
850 399 880 439 ο-

98 459 215 519 mninol
247 464 288 519 At
302 478 385 535 quern
402 460 508 517 virum!
531 460 571 517 dii
585 459 670 518 boni!
693 460 773 517 mitto
788 461 879 518 eivem

98 551 146 597 aut
160 550 320 598 senatorem
335 549 383 597 aut
404 540 617 616 imperatorem:
638 552 777 599 oratorem
802 541 879 598 enirn

96 618 151 677 hoo
165 620 229 679 looo
243 620 411 696 querimus:
431 620 495 696 quis
510 620 558 678 illo
581 621 693 698 gravior
716 621 745 678 in
764 619 880 693 laudan·

97 699 152 757 dot
168 702 303 758 acerbior
317 700 570 778 intrituperandol
591 701 619 758 in
635 701 880 778 sententiisargu·

96 781 170 837 tiorl
192 782 222 838 in
236 781 364 843 docendo
376 781 616 857 edisserendoque
630 781 788 840 subtiliori
821 781 880 840 Re·

96 857 175 918 lertae
195 877 261 917 sunt
286 861 427 918 orationes
455 861 717 941 ampliuscentum
741 854 880 938 quinqua·

96 938 188 1025 ginta,
201 960 270 1016 quas
283 941 398 1017 quidem
414 941 509 999 adhuc
530 942 687 1000 invenerim
702 951 730 1000 et
749 943 878 1019 legerim,

95 1028 126 1076 et
140 1020 231 1078 verbis
244 1031 272 1079 et
285 1022 371 1080 rebus
395 1022 566 1081 illustribus„
601 1023 685 1081 Lioet
705 1042 742 1081 ex
766 1024 809 1080 his
828 1023 879 1081 eli·

94 1110 222 1176 gentes,
236 1122 298 1178 quae
324 1101 469 1161 notatione
493 1111 522 1161 et
540 1103 624 1162 laude
646 1104 733 1180 digna
756 1103 828 1172 sint;
849 1121 879 1161 o·

96 1197 177 1238 mnes
197 1183 324 1242 oratoriae
343 1182 460 1240 virtutes
474 1182 510 1240 in·
526 1183 568 1241 eis
586 1185 769 1261 reperientur.
812 1183 830 1239 J
833 1201 876 1241 arn
889 1198 914 1238 ao

95 1278 161 1319 vero
175 1260 311 1340 Origines
324 1262 385 1339 ejus
399 1281 483 1338 quem
502 1262 600 1320 florem
623 1274 671 1321 aut
685 1263 760 1338 quod
781 1261 878 1320 lumen

94 1340 262 1418 eloquentiae
277 1362 335 1401 non
350 1342 475 1402 habenti
516 1344 669 1401 Amatores
683 1341 751 1398 huie
765 1342 877 1413 desunt,

94 1420 180 1480 siouti
194 1423 291 1480 multis
310 1423 369 1499 jam
385 1434 451 1479 ante
473 1422 579 1479 seculis
599 1432 628 1478 et
652 1421 771 1478 Philisto
794 1422 879 1496 Syra·

94 1502 175 1560 ousio
189 1512 218 1559 et
233 1503 286 1578 ipsi
300 1501 477 1576 Thucydidi.
504 1499 582 1559 Nam
596 1510 627 1557 ut
641 1500 742 1557 horum
754 1499 878 1558 concisis

94 1581 253 1652 sententiis,
268 1581 412 1638 interdurn
425 1579 515 1638 etiam
533 1600 589 1638 non
611 1581 680 1637 satis
694 1579 796 1657 apertis
811 1598 878 1638 eum

93 1661 233 1719 brevitate
254 1671 315 1718 turn
337 1660 425 1717 nimio
448 1659 590 1732 acumine,
604 1660 692 1718 officit
716 1660 878 1738 Theopom-

93 1759 151 1834 pus
165 1740 287 1797 elatione
302 1751 385 1816 atque
400 1739 548 1799 altitudine
569 1740 705 1798 orationis
719 1760 787 1813 suae,
802 1742 876 1817 quod

93 1821 171 1881 rdem
185 1819 278 1896 Lysiae
293 1818 510 1892 Demosthenes,
525 1821 568 1878 sio
588 1821 708 1879 Catonis
720 1821 877 1880 luminibus

90 1901 230 1960 obstruxit
244 1903 306 1960 haeo
316 1901 502 1977 posteriorum
512 1901 596 1977 quasi
607 1913 780 1981 exaggerata
792 1902 876 1960 altius

93 1981 191 2040 oratio.
234 1983 291 2039 Sed
314 1981 393 2041 etin
419 1981 521 2039 nostris
547 1981 661 2039 inscitia
683 1992 738 2054 est,
757 1983 833 2058 quod
855 1982 875 2040 ii
886 1997 912 2038 ar

94 2061 156 2139 ipsi,
170 2063 218 2137 qui
234 2063 262 2120 in
277 2061 387 2120 Graeois
401 2061 569 2137 antiquitate
592 2061 771 2120 delectantur
784 2081 875 2139 eaque

93 2141 258 2214 subtilitate,
272 2161 358 2218 quarn
372 2142 501 2199 Atticam
517 2141 667 2218 appellant,
683 2143 759 2201 hano
774 2142 804 2200 in
820 2142 876 2200 Ca·

94 2230 161 2280 tone
188 2241 225 2280 ne
252 2221 541 2296 noverunt-quidem.
597 2221 749 2298 Hyperide
777 2223 876 2281 volunt

93 2320 155 2360 esse
169 2313 198 2379 et
212 2301 314 2378 Lysiae.
349 2301 466 2359 Laudo:
485 2301 535 2358 sed
550 2319 602 2359 our
616 2301 716 2361 nolunt
729 2301 875 2361 Catonesl

93 2381 193 2441 Attico
206 2402 312 2461 genere
326 2381 442 2440 dicendi
456 2400 487 2438 se
501 2382 627 2458 gaudere
641 2383 750 2441 dieunt.
793 2379 876 2456 Sapi-

92 2473 174 2521 enter
202 2463 229 2520 id
255 2463 383 2540 quidem.
413 2461 525 2538 ·Atque
552 2462 661 2520 utinam
685 2464 912 2533 imitarentur,se

93 2561 150 2615 neo
163 2560 227 2600 osse
241 2544 331 2602 solum
355 2543 405 2601 sed
421 2542 507 2600 etiam
525 2542 713 2620 sanguinem!
754 2540 874 2600 Gratum

93 2633 139 2681 est
160 2632 265 2695 tamen,
283 2624 358 2700 quod
383 2623 487 2681 volunt.
529 2624 590 2682 Cur
614 2623 699 2701 igitur
722 2619 822 2697 Lysias
846 2631 876 2681 et

93 2702 257 2778 Hyperides
271 2715 388 2775 amatur,
403 2722 468 2761 cum
483 2702 596 2781 penitus
613 2704 760 2780 ignoretur
780 2704 874 2763 Oatol

94 2782 247 2859 Antiquior
261 2793 303 2840 est
315 2785 399 2862 hujus
412 2802 504 2842 sermo
517 2794 546 2842 et
567 2784 697 2860 quaedam
720 2782 874 2843 horridiora

93 2864 195 2923 rerba:
217 2861 257 2920 ita
270 2864 344 2922 enirn
358 2876 418 2923 turn
433 2865 635 2940 loquebantur:
653 2862 681 2919 id
696 2874 783 2934 muta,
798 2862 873 2941 quod

93 2956 154 3004 tum
170 2943 216 3001 ille
238 2963 295 3001 non
318 2945 416 3020 potuit,
430 2955 459 3002 et
483 2945 555 3003 adde
577 2960 720 3013 numeros,
734 2957 763 3003 et
785 2943 874 3021 aptior

93 3024 131 3083 sit
154 3023 262 3083 oratio:
284 3023 344 3100 ipsa
368 3024 454 3083 rerba
475 3041 613 3101 compone
643 3033 672 3081 et
694 3025 775 3100 quasi
807 3030 873 3079 cos-

92 3115 219 3185 gmenta,
232 3105 307 3183 quod
321 3124 359 3164 ne
371 3104 466 3167 Gr'aeoi
477 3105 594 3183 quidem
605 3113 722 3165 ueteres
731 3102 886 3164 institere·-
