1986 3450
189 199 237 249 DE
258 199 382 251 CLARIS
404 199 632 263 ORATORIBUS,
648 203 717 254 Gar.
733 206 773 254 rt.
830 205 869 267 51

96 342 232 416 Gracchi,
253 347 284 406 P.
307 345 352 419 F,
378 345 436 404 fere
459 356 557 407 aetate:
578 348 639 424 ejus
663 359 757 406 autem
781 348 872 409 oratio

96 434 139 480 est
152 444 201 500 pro
215 426 390 504 Fregellanis
412 427 583 504 coloniisque
605 429 717 486 Latinis
732 429 827 487 habita
841 430 871 488 iu

95 517 204 566 senatu
247 507 323 565 Tum
353 508 466 580 Brutus,
489 508 570 570 Quid
594 520 625 566 tu
652 508 748 586 igitur,
771 509 871 586 inquit,

95 585 198 643 tribuis
224 587 284 645 istis
311 587 435 663 externis
460 590 539 665 quasi
571 591 751 647 oratoribusf
790 589 871 651 Quid

96 684 207 738 censes,
223 668 347 744 inquam,
362 668 422 726 nisi
440 670 524 742 idem,
538 671 612 746 quod
637 670 751 728 urbanis
773 679 873 746 praeter

96 765 197 821 uuum,
212 750 285 824 quod
312 769 367 808 non
391 761 433 807 est
456 770 552 807 eorum
576 751 735 808 urbanitate
749 751 873 826 quadam

94 828 179 900 quasi
203 829 327 887 colorata
350 831 457 891 oratiol
497 831 535 887 Et
556 831 668 902 Brutus,
682 831 744 895 Qui
765 840 818 899 est,
833 829 874 887 in·
885 850 922 892 171

95 907 169 981 quit,
197 908 250 965 iste
276 911 390 969 tandem
421 911 588 968 urbanitatis
615 911 712 970 colori
752 909 873 982 Nescio,

97 984 233 1062 inquam:
262 1000 370 1049 tantum
398 1010 460 1048 esse
486 992 628 1067 quendam
656 992 724 1050 scio.
773 993 807 1050 Id
831 1000 873 1062 tu,

96 1064 195 1138 Brute,
212 1069 271 1146 jam
295 1072 446 1150 intelliges,
462 1091 526 1129 cum
551 1074 580 1129 in
605 1072 728 1131 Galliam
752 1071 872 1130 veneris.

96 1146 207 1206 Audies
222 1163 251 1208 tu
265 1153 379 1227 quidem
393 1153 479 1213 etiam
495 1153 580 1210 verba
592 1153 722 1230 quaedam
737 1172 793 1210 non
809 1152 875 1209 trita

96 1225 217 1288 Romae:
239 1232 289 1289 sed
317 1235 380 1292 haec
407 1233 509 1290 mutari
544 1233 709 1307 dediscique
736 1241 874 1308 possunt:

97 1305 167 1365 illud
181 1321 223 1368 est
238 1313 337 1388 majus,
352 1315 426 1390 quod
449 1313 478 1369 in
493 1313 610 1370 vocibus
635 1323 792 1370 nostrorum
815 1329 876 1368 ora·

96 1395 187 1446 torum
215 1393 319 1450 recinit
352 1394 486 1469 quiddam
520 1403 549 1449 et
583 1402 697 1450 resonat
730 1390 874 1449 urbanius.

96 1465 162 1526 Nec
177 1472 231 1529 hoc
246 1472 275 1530 iu
294 1473 452 1530 oratoribus
476 1473 559 1530 modo
584 1482 698 1547 apparet
720 1472 770 1528 sed
790 1469 876 1528 etiam

96 1547 127 1605 iu
150 1551 262 1608 ceteris
304 1552 367 1628 Ego
390 1551 507 1631 memini
528 1552 566 1611 T.
584 1551 709 1608 Tincam
735 1549 926 1612 Placenti-rra

95 1646 177 1699 num,
188 1630 331 1688 hominem
342 1633 555 1700 facetissimum,
565 1650 630 1689 cum
640 1631 772 1690 familiari
783 1640 878 1690 nostro

92 1708 137 1769 Q·
162 1709 271 1766 Granio
295 1731 427 1787 praecone
454 1712 606 1770 dicacitate
633 1723 751 1772 certare.
793 1711 876 1784 Eon',

94 1788 190 1864 inquit
204 1790 318 1863 Brutus,
331 1793 366 1849 de
380 1812 435 1869 quo
449 1792 537 1850 multa
551 1791 701 1850 Luciliusl
728 1793 786 1851 Isto
801 1793 875 1869 ipso:

93 1871 145 1927 sed
167 1868 292 1928 Tincam
317 1893 374 1931 non
405 1872 499 1931 minus
524 1874 614 1931 multa
637 1873 756 1931 ridicule
780 1873 877 1930 dicen·

93 1958 153 2008 tem
168 1950 293 2011 Granius
306 1954 444 2011 obruebat
457 1954 555 2012 nescio
566 1973 622 2030 quo
633 1973 731 2031 sapore
742 1956 877 2012 vernacu-

96 2028 141 2088 lo:
163 2041 194 2088 ut
220 2052 274 2111 ego
297 2032 356 2109 jam
383 2054 441 2092 non
469 2035 554 2092 mirer
581 2034 651 2091 illud
679 2034 878 2110 Theophrasto

99 2111 250 2186 accidisse,
276 2114 350 2189 quod
377 2114 492 2186 dicitur,
515 2132 582 2172 cum
604 2124 816 2189 percontaretur
842 2132 878 2171 ex

99 2191 214 2250 anicula
235 2194 369 2270 quadam,
383 2195 481 2270 quanti
504 2193 610 2270 aliquid
625 2196 769 2266 venderet,
784 2205 812 2251 et
835 2212 878 2251 re·

98 2273 257 2349 spondisset
272 2273 320 2330 illa
334 2286 417 2350 atque
433 2275 596 2345 addidisset,
611 2274 733 2352 Hospes,
748 2280 878 2348 conpote

99 2353 238 2411 minoris:
258 2354 356 2415 tulisse
378 2374 444 2412 eum
469 2354 585 2412 moleste
612 2374 643 2412 se
669 2375 726 2415 non
753 2353 879 2430 effugere

101 2434 218 2510 hospitis
245 2434 380 2511 speciem,
406 2454 471 2493 cum
498 2447 610 2494 aetatem
638 2445 733 2513 ageret
757 2431 880 2490 Athenis

99 2515 261 2589 optimeque
275 2515 444 2590 loqueretur.
484 2514 620 2587 Omnino,
635 2516 708 2574 sicut
725 2513 835 2590 opinor,
849 2511 880 2570 in

102 2594 208 2652 nostris
222 2597 391 2670 estquidam
409 2597 580 2654 urbanorum
604 2597 680 2654 sicut
698 2593 756 2652 illic
769 2591 880 2651 Attico·

100 2691 166 2732 rum
181 2693 274 2731 sonus.
316 2677 374 2733 Sed
394 2678 508 2735 domum
530 2677 688 2746 redeamus,
713 2673 742 2730 id
766 2681 818 2746 est,
844 2672 880 2731 ad

101 2764 216 2813 nostros
231 2766 411 2815 revertamur.

142 2833 267 2892 XLVII.
290 2835 408 2894 Duobus
423 2837 507 2913 igitur
523 2837 641 2895 summis
662 2835 765 2893 Crasso
779 2843 806 2892 et
821 2833 881 2891 An·
892 2851 930 2892 17³

101 2916 180 2974 tenio
195 2915 227 2972 L.
240 2915 385 2993 Philippus
398 2918 540 2994 proximus
555 2916 718 2986 accedebat,
733 2915 783 2973 sed
797 2914 882 2989 longo

102 2996 250 3056 intervallo
274 3006 371 3055 tamen
392 2999 543 3075 proximus.
597 2998 697 3072 Itaque
723 3015 799 3068 eum,
827 2991 883 3051 etsi

103 3095 188 3137 nemo
206 3077 410 3154 intercedebat,
425 3079 474 3157 cpi
495 3097 526 3137 se
548 3078 590 3138 illi
615 3076 776 3148 anteferret,
790 3089 882 3149 neque
