1986 3450
180 213 228 262 DE
250 213 376 269 CLARIS
397 212 629 274 onnronlssrm
646 215 713 265 Cas.
730 217 770 265 79.
842 217 884 276 85

94 358 199 426 deinde
221 359 317 419 ciniis
344 360 413 437 ipsis
439 379 523 436 quam
547 360 636 438 pauci
661 360 767 419 suerint
794 360 881 420 lande

94 440 183 519 digni.
225 440 327 517 Itaque
342 461 378 498 ne
394 443 445 499 hos
458 442 574 517 quidem
595 441 705 516 equites
720 441 881 514 Romanos,
890 455 932 495 sir

93 521 201 580 amicos
215 534 336 592 nostroe,
350 522 398 598 qui
413 541 501 598 nuper
526 523 629 580 mortui
644 527 720 592 sunt,
735 522 767 579 P.
782 521 884 580 Comi-

93 601 174 660 nium
189 602 380 679 Spoletinum,
391 621 447 678 quo
460 608 615 660 accusante
630 602 752 665 defendi,
762 601 796 659 C.
810 602 884 661 Cor·

93 682 219 752 nelium;
241 682 271 739 in
286 693 384 758 quoet
399 683 585 759 compositum
608 682 731 741 dicendi
742 701 835 759 genus
849 696 881 740 et

93 782 161 825 acre
172 773 200 820 et
211 763 376 838 expeditum
390 762 458 820 suit:
479 762 515 820 Τ.
529 762 654 821 Accium
666 755 882 835 Pisaurensem,

92 843 177 920 cujus
191 842 366 900 accusationi
388 842 520 920 respondi
537 862 588 920 pro
602 844 639 901 A.
654 842 809 914 Ciuenti05
830 843 880 919 qui

50 943 55 951 ·
93 934 124 982 et
152 933 286 993 accurate
312 922 426 981 dicebat
452 933 482 982 et
507 923 577 981 satir
609 924 732 1000 copiose,
760 935 878 999 eratque

94 1012 233 1082 praeterea
257 1003 359 1061 doctus
384 1005 575 1081 Hermagoraev
594 1005 753 1081 praeceptis,
774 1004 878 1080 quibus

94 1083 148 1142 etsi
162 1094 330 1141 ornamenta
343 1103 399 1143 uon
414 1084 489 1143 satis·
497 1084 594 1161 opima
605 1085 721 1145 dicendi
736 1097 831 1142 tamen
846 1094 878 1143 ut

95 1165 183 1223 hastas
206 1164 338 1222 velitibus
364 1174 515 1224 amentatas
541 1165 583 1222 sic
608 1176 673 1240 apta
694 1166 823 1240 quaedam
848 1175 878 1223 et

94 1255 194 1323 parata
216 1244 336 1324 singulis
358 1262 510 1303 causarum
535 1245 689 1322 generibus
709 1228 879 1321 argumenis

94 1325 266 1400 traduntur..
296 1325 400 1383 Studio
425 1336 520 1383 autem
548 1324 693 1382 neminem
717 1343 774 1382 nec
797 1323 931 1383 indu-sis

93 1405 162 1464 stria
176 1405 281 1482 majore
297 1405 428 1482 cognovi,
442 1423 615 1482 quamquam
636 1423 672 1461 ne
688 1403 805 1480 ingenio
818 1403 878 1480 qui·

39 1541 43 1549 .
93 1486 157 1544 dem
180 1487 229 1562 qui
253 1485 425 1562 praestiterit,
447 1485 533 1543 facile
557 1484 690 1552 dixerim,
712 1483 746 1541 Ο.
770 1483 877 1557 Pisoni,

93 1585 201 1645 genero
215 1585 287 1622 meo.
329 1563 449 1622 Nullum
464 1577 576 1642 tempus
601 1564 641 1622 illi
656 1583 780 1640 unquam
796 1583 879 1623 vaca·

92 1647 142 1704 bat
157 1656 237 1702 anta
262 1644 367 1702 forensi
391 1644 517 1711 dictione
542 1656 622 1713 suta
636 1643 878 1707 commentatione

92 1724 253 1798 domestica
263 1734 315 1785 ,aut
329 1743 346 1781 a
360 1724 512 1784 scribendo
523 1736 572 1787 aut
586 1743 602 1782 a
616 1725 778 1803 cogitando.
820 1724 879 1784 Ita·

93 1824 149 1883 que
174 1815 267 1862 tantos
291 1823 442 1881 processus
464 1804 617 1876 efficiebat,
633 1817 664 1863 ut
683 1805 795 1865 evolare
818 1824 876 1867 non

92 1905 245 1945 excurrere
272 1885 432 1944 videretur:
454 1899 570 1963 cratque
598 1886 747 1945 verborum
773 1895 802 1944 et
829 1888 878 1946 de·

92 1967 185 2026 lectus
212 1966 329 2044 elegans
355 1977 385 2024 et
403 1975 478 2044 apta
503 1977 532 2025 et
558 1966 639 2044 quasi
666 1967 787 2026 rotunda
810 1987 878 2027 con-

95 2048 228 2106 structio:
251 2066 374 2121 cumque
398 2059 567 2124 argumenta
588 2047 825 2124 excogitabantur
840 2049 877 2108 ab

93 2146 128 2186 eo
142 2128 231 2186 multa
245 2138 274 2186 et
294 2127 376 2185 firma
401 2127 437 2185 ad
457 2127 635 2204 probandum
649 2136 714 2187 turn
725 2128 876 2188 concinnae

94 2219 255 2284 acuteque·
270 2207 437 2278 sententiae3
459 2217 613 2285 gestusque
639 2219 743 2271 natura
769 2209 809 2266 ita
830 2227 877 2267 ve·

93 2299 205 2360 nustus‚
220 2298 251 2346 ut
277 2307 323 2346 ars
345 2288 442 2356 etiam,
458 2306 521 2364 quae
544 2307 602 2347 non
624 2299 696 2361 erat,
710 2300 739 2346 et
760 2288 876 2346 edisci·

92 2368 171 2447 plina
185 2379 278 2427 motus
292 2368 408 2445 quidam
422 2369 565 2426 videretur
579 2370 728 2435 accedere.
756 2368 875 2439 Vereor,

93 2468 131 2508 ne
159 2467 254 2508 amore
281 2450 378 2507 ridear
406 2449 497 2526 plura,
519 2467 604 2524 quam
632 2449 737 2508 suerint
761 2447 791 2504 in
817 2446 875 2518 illo,

93 2529 207 2600 dicere;
229 2529 303 2606 quod
331 2549 389 2588 non
418 2529 457 2597 ita
483 2538 546 2586 est:
576 2529 632 2587 alia
659 2529 736 2587 enirn
764 2527 801 2583 de
828 2527 877 2587 illo

94 2610 202 2689 majora
215 2610 272 2677 dici
291 2619 427 2687 possunt:
451 2628 517 2668 nam
539 2628 594 2668 nec
616 2606 796 2684 *continentia
821 2627 877 2668 nec

92 2689 199 2767 pietate
213 2709 268 2748 nec
290 2690 347 2748 ullo
368 2709 474 2768 genere
496 2688 606 2748 virtutis
619 2705 789 2766 quemquam
804 2688 878 2766 ejus·

92 2772 159 2828 dem
171 2771 261 2830 aetatis
274 2788 340 2829 cum
352 2771 399 2828 illo
410 2770 614 2829 conserendum
626 2778 702 2846 puto.
730 2765 875 2829 LXXIX.

92 2849 160 2910 Nec
186 2870 252 2909 vero
280 2849 321 2909 M.
347 2850 471 2910 Coelium
494 2848 722 2928 pretereundum
746 2850 875 2924 arbitror,
885 2866 925 2907 crs

92 2949 280 3009 quascumque
294 2930 355 3006 ejus
376 2931 406 2989 in
429 2932 507 2990 exitu
528 2931 573 2989 vei
595 2930 708 2988 fortuna
726 2930 769 2988 rel
794 2950 876 2989 meus

93 3011 163 3071 suit:
184 3011 233 3089 qui
254 3010 390 3089 quamdiu
414 3011 576 3071 auctoritati
601 3028 672 3068 mee
693 3011 797 3089 paruit,
811 3009 876 3068 talis

92 3091 226 3152 tribunus
238 3090 409 3231 plebisgfuit,
421 3103 453 3153 ut
466 3111 552 3153 nemo
572 3101 673 3153 contra
692 3090 800 3153 cisium
813 3108 876 3170 per·
