1986 3450
129 497 190 558 56,
229 493 275 542 DE
298 493 423 543 CLARIS
444 489 816 552 ORATORIBUS,cx1›.oo.

130 641 175 701 bis
192 642 354 712 anteferret,
367 657 452 716 quem
474 647 585 697 nosmet
607 638 669 716 ipsi,
684 639 734 716 qui
759 641 823 700 baec
849 649 912 701 erte

131 722 225 798 aliqua
239 722 368 782 volumus
382 720 553 796 expendere,
567 720 727 796 proximum
753 720 808 778 illis
823 720 912 780 fuisse

130 802 289 862 diximust
315 800 408 859 Nemo
423 800 557 876 profecto.
600 796 634 856 Id
659 801 735 874 enirn
761 800 855 877 ipsum
870 811 914 860 est

131 885 235 942 summi
248 883 366 942 oratoris
385 899 526 938 summum
537 892 681 937 oratorem
696 880 799 957 populo
814 872 913 941 videri

83 980 120 1020 rar
130 963 232 1026 Quare
246 964 351 1020 tibicen
368 961 559 1043 Antigenidas
572 961 675 1018 dixerit
689 959 851 1038 discipulo
843 981 915 1020 sane

132 1043 247 1120 frigenti
263 1043 297 1099 al
319 1035 464 1118 populum,
479 1041 556 1103 Mitt
579 1061 646 1098 cane
671 1050 697 1100 et
721 1041 837 1099 Musis:
859 1061 913 1120 ego

132 1123 201 1181 huic
215 1123 434 1192 Brutodicenti‚
450 1133 487 1180 ut
470 1122 575 1192 tsolet,
590 1122 665 1199 apud
688 1121 913 1194 multitudinem,

131 1203 209 1260 Mili
223 1220 291 1262 cane
304 1211 331 1260 et
340 1204 456 1279 populo,
470 1203 508 1258 mi
529 1202 632 1274 Brute,
647 1203 787 1261 dixerim·
779 1247 787 1274 ,
808 1215 850 1274 ut,
864 1203 914 1280 qui

133 1283 259 1356 audient,
274 1284 341 1359 quid
356 1283 506 1353 efficiatur,
518 1302 581 1359 ego,
596 1284 681 1340 etiam
696 1303 748 1342 cur
763 1284 791 1341 id
807 1283 916 1342 efficia·

131 1372 186 1436 tur,
209 1365 374 1441 intelligam.
417 1363 516 1420 Credit
543 1363 586 1434 iis,
608 1384 670 1439 quae
693 1364 841 1434 dicuntur,
865 1363 915 1441 qui

132 1444 211 1505 audit
232 1457 391 1513 oratorem;
412 1462 479 1502 vera
502 1454 591 1519 putat,
614 1445 776 1516 assentitur,
796 1445 914 1522 probat;

83 1541 121 1583 ιιι
132 1524 217 1584 fidem
232 1525 301 1585 lacit
322 1525 430 1584 oratio:
452 1535 493 1594 tu,
509 1524 618 1595 artifex,
634 1525 701 1599 quid
727 1525 830 1601 quoeris
856 1544 914 1583 am·

131 1606 227 1685 plius'l
248 1607 416 1666 Delectatur
431 1605 551 1664 audiens
563 1604 735 1674 multitudo,
751 1616 780 1663 et
794 1605 912 1665 ducitur

130 1687 267 1759 oratione,
283 1697 311 1745 et
335 1686 415 1763 quasi
429 1687 571 1762 voluptate
587 1685 708 1762 quadam
724 1686 914 1763 perfunditur.

131 1767 213 1830 Quid
227 1769 325 1838 habes,
339 1767 413 1843 quod
429 1766 576 1843 disputes?
610 1766 724 1825 Gaudet
739 1766 825 1835 dolet,
840 1767 915 1826 ridet

131 1849 232 1924 plorat,
248 1849 322 1904 favet
345 1847 414 1917 odit,
429 1845 585 1905 coutemnit
612 1847 727 1918 invidet,
744 1847 778 1904 ad
805 1848 914 1906 miseri·

132 1926 258 1985 cordiam
273 1927 428 1998 inducitur,
444 1929 478 1984 ad
503 1927 680 2003 pudendum,
696 1929 729 1984 ed
745 1928 914 2004 pigendum‚

131 2005 264 2065 irascitur
280 2007 407 2077 miratur,
422 2017 516 2083 sperat
529 2007 626 2065 timet:
650 2010 711 2066 baec
732 2008 853 2084 perinde
869 2028 915 2068 ac-

131 2087 242 2158 cidunt,
257 2096 287 2144 ut
309 2106 417 2158 eorum,
433 2087 482 2163 qui
506 2086 619 2158 adsunt,
638 2098 748 2146 mentes
770 2089 865 2146 verbis
886 2100 916 2148 et

132 2167 280 2225 sententiis
294 2176 323 2223 et
337 2167 448 2224 actione
463 2175 627 2227 tractantur.
668 2168 750 2230 Quid
769 2178 822 2237 est,
836 2171 914 2245 quod

131 2259 310 2326 exspectetur
344 2247 423 2306 docti
457 2247 577 2324 alicujus
610 2249 771 2306 sententiat
822 2248 914 2312 Quod

131 2329 208 2387 enim
222 2329 321 2405 probat
334 2329 496 2400 multitudo,
511 2330 565 2386 hoo
579 2327 655 2387 idern
677 2329 769 2387 doctis
791 2330 916 2406 proban·

131 2411 200 2469 dum
227 2418 278 2468 est.
320 2409 453 2488 Denique
478 2411 532 2468 boc
557 2411 700 2485 specimen
715 2419 757 2467 est
771 2411 916 2487 popularis

129 2490 264 2570 judicii,
257 2510 356 2567 raquo
371 2510 516 2568 nunquam
536 2490 589 2549 fuit
578 2490 714 2568 tpopulo
736 2510 803 2548 cum
818 2491 913 2550 doctis

85 2571 412 2663 1eointelligentibusque
427 2571 574 2630 dissensio
616 2571 692 2629 Cum
715 2571 795 2629 multi
817 2583 916 2631 essent

131 2664 256 2712 oratores
281 2653 310 2710 iu
326 2653 403 2710 vario
427 2672 532 2729 genere
557 2652 683 2721 dicendi,
697 2652 761 2727 quis
785 2672 914 2745 unquam

132 2752 167 2790 ex
182 2735 225 2791 his
240 2734 380 2792 excellere
398 2733 544 2809 judicatus
568 2742 611 2789 est
632 2732 709 2810 vulgi
728 2732 850 2808 judicic,
865 2733 915 2809 qui

132 2830 190 2869 non
206 2814 280 2871 idem
296 2834 312 2871 a
326 2815 417 2871 doctis
438 2813 625 2890 probaretur?
664 2812 794 2874 Quando
818 2824 915 2872 autem
964 2869 967 2876 .

132 2891 251 2950 dubium
267 2895 365 2953 fuisset
380 2893 454 2970 epud
469 2906 563 2970 patres
586 2904 705 2964 nostros,
720 2893 847 2970 eligendi
863 2894 912 2954 cui

131 2972 242 3049 patroni
256 2972 370 3053 daretur
383 2973 469 3051 optio,
483 2973 552 3050 quin
568 2984 617 3033 aut
630 2975 790 3033 Antonium
803 2984 916 3050 optaret

132 3061 182 3112 aut
215 3053 371 3115 Crassuml
425 3054 555 3112 Aderant
588 3053 671 3112 multi
705 3054 771 3113 alii:
805 3064 915 3129 tamen,

132 3144 227 3194 utrum
254 3133 290 3192 de
317 3136 362 3193 bis
387 3136 490 3213 potius,
518 3134 676 3193 dubitasset
703 3134 821 3211 aliquis;
843 3136 914 3211 quin

132 3214 262 3286 alterum,
296 3234 388 3274 nemo.
428 3215 534 3280 Quidt
566 3215 796 3274 adolescentibus
830 3215 916 3275 nobis

132 3315 199 3355 cum
213 3306 309 3355 essent
324 3295 411 3355 Cotta
430 3309 461 3356 et
484 3295 665 3369 Hortensius,
680 3315 750 3356 num
774 3295 848 3371 quis,
863 3296 913 3356 cui

125 3375 239 3437 cuidem
264 3376 396 3439 eliendi
431 3387 550 3440 utestas
568 3387 644 3437 esset
693 3395 846 3437 uemuam
868 3376 916 3435 nte
