1986 3450
194 221 241 272 ιιιι
260 218 387 272 custus
405 219 721 280 exercitionem.
738 222 778 273 ιι.
824 224 881 283 los

95 380 302 447 converteram.
345 366 426 426 Nihil
454 367 491 425 de
516 387 563 426 me
586 368 701 428 dicam:
723 367 816 426 dicam
844 369 931 427 deses

96 451 209 523 ceteris,
224 468 344 526 quorum
359 467 443 506 nemo
457 458 528 520 erat,
539 449 589 524 qui
602 449 745 506 videretur
759 449 882 525 exquisi-

94 529 152 588 tius
165 550 251 607 quam
267 529 368 607 vulgus
382 530 528 592 hominum
550 529 694 594 studuisse
708 530 806 601 literis,
821 530 884 606 qni.

96 611 150 668 bus
164 612 229 669 fons
241 609 376 688 perlectae
391 608 559 684 eloquentie
585 610 763 682 continetur3
785 629 880 682 nemo,

94 692 144 768 qui
171 690 379 769 philosophiam
405 691 585 766 complexus*
602 700 689 762 esset,
709 705 827 748 matrem
852 710 887 748 o·

94 773 206 829 mnium
222 772 295 829 bene
310 772 449 829 factorum
464 770 763 846 benequedict'orurn3
785 788 880 842 nemo,

94 851 144 927 qui
156 852 202 928 jus
217 851 301 910 civile
315 850 472 927 didicisset,
487 870 547 909 rem
573 852 608 911 ad
632 852 755 928 privatas
776 851 881 910 causus

94 942 126 990 et
140 933 176 989 ad
190 932 309 990 oratoris
330 931 509 1008 prudentiam
531 931 655 1008 maxime
670 932 879 1003 necessariam

94 1030 191 1084 nemo,
202 1013 250 1089 qui
262 1011 427 1071 memoriam
441 1027 536 1070 rerum
550 1012 749 1071 Romanarum
760 1021 880 1083 teneret,

95 1110 132 1150 ex
145 1112 211 1168 qua,
226 1092 377 1169 siquando
391 1111 462 1169 opus
477 1103 561 1164 esset,
577 1092 621 1150 ah
634 1092 733 1150 inseris
754 1091 881 1169 locuple·

95 1172 220 1232 tissimos
234 1183 320 1231 testes
331 1172 490 1247 ‘excitaret3
510 1191 605 1240 nemo,
616 1172 670 1248 ,qui
680 1197 683 1204 ¹
694 1173 816 1229 breviter
839 1191 881 1230 ar·

94 1263 219 1330 gnteqne
228 1253 340 1315 incluso
349 1253 511 1313 edversario
519 1253 626 1310 laxaret
633 1250 763 1328 judicum
773 1251 883 1310 animos

96 1342 180 1409 utque
195 1353 211 1391 a
225 1334 376 1392 severitate
384 1333 540 1408 paullisper
552 1332 587 1389 ad
599 1330 770 1391 hilaritatem
782 1331 882 1390 risum·

94 1433 150 1489 que
163 1415 342 1483 traduceret;
357 1430 459 1483 nemo,
469 1412 522 1489 ¹qui
533 1412 653 1470 dilatare
663 1424 757 1488 posset
770 1423 882 1487 atquen

94 1495 208 1571 propria
221 1514 256 1552 ac
270 1493 389 1551 delinita
402 1492 594 1569 disputatione
618 1491 741 1550 hominis
756 1511 797 1550 =ac
812 1503 882 1549 tem·

93 1575 171 1651 poris
185 1575 221 1632 ad
236 1586 418 1639 communem
432 1572 618 1648 quaestionem
629 1572 753 1631 universi
767 1573 882 1650 generis

94 1654 255 1712 orationem
268 1654 451 1722 traduceret,
472 1672 566 1725 nemo,
578 1652 627 1729 qui
641 1652 807 1710 delectandi*
818 1673 881 1745 gra·

94 1734 137 1791 tia
150 1732 261 1811 digredi
275 1751 426 1810 parumper
445 1752 573 1805 canusa,
581 1751 682 1804 nemo,
692 1734 744 1809 qui
760 1734 834 1792 ad
826 1752 880 1792 rre-

95 1814 234 1873 cundiam
256 1833 361 1892 magno
381 1832 466 1890 opere
485 1813 624 1894 judicem,
647 1831 743 1904 petuo,
767 1814 816 1890 qui
843 1815 879 1872 nd

94 1894 193 1954 fletum
208 1904 300 1972 posset
315 1895 476 1965 adducem3
497 1913 592 1964 nemo,
606 1893 655 1969 qui
670 1893 804 1952 animum
799 1893 880 1971 ejus,

94 1975 170 2052 quod
185 1994 273 2033 unum
287 1987 333 2033 est
352 1975 471 2033 oratoris
497 1975 620 2033 maxime
643 1974 798 2051 proprium,
810 1994 880 2051 quo·

95 2075 209 2133 cunque
232 2075 277 2113 res
297 2055 462 2134 postularet,
483 2055 650 2132 impelleret.
691 2054 803 2114 XCIV.
824 2056 931 2114 lta-sss

94 2155 160 2212 que,
185 2155 251 2194 cum
276 2136 335 2213 jam
359 2155 441 2212 paene
464 2135 629 2193 evanuisset
651 2134 832 2204 Hortensius,
851 2146 881 2194 et

94 2236 150 2294 ego
165 2235 239 2273 anno
253 2235 334 2288 meo,
341 2226 421 2275 sexto
434 2227 529 2273 antem
550 2229 614 2291 post
628 2213 707 2271 illum
722 2216 879 2286 consulem,

95 2296 195 2356 consul
212 2299 304 2355 lactus
317 2315 421 2366 essem,
436 2312 571 2354 revocare
595 2313 638 2352 se=
649 2295 684 2352 ad
710 2296 878 2355 industriam

95 2377 184 2453 coepit
192 2397 200 2447 ;
221 2396 268 2449 ne,
279 2394 349 2435 cum
363 2395 446 2452 pares
460 2376 567 2433 honore
588 2394 725 2446 essemus,
742 2374 835 2448 alique
849 2393 880 2431 re

95 2457 255 2532 superiores
269 2457 437 2514 videremur.
475 2455 527 2513 Sic
541 2456 693 2513 duodecim
708 2463 770 2532 post
784 2471 879 2510 meum

95 2537 277 2596 consulatum
292 2556 382 2595 annos
407 2537 436 2594 in
462 2535 593 2594 maximis
615 2537 719 2606 causis,
735 2551 801 2591 curn
825 2552 880 2610 ego

94 2617 166 2676 mihi
181 2618 270 2687 illum,
283 2617 337 2674 sibi
351 2637 397 2674 me
409 2616 458 2674 ille
470 2613 879 2690 anteferret,conjunctissime

93 2698 199 2756 versati
224 2717 341 2756 sumus·
362 2697 584 2773 consulatusque
611 2714 702 2765 meus,
728 2693 776 2769 qui
800 2693 880 2755 illum

93 2778 185 2856 primo
198 2778 296 2835 leviter
309 2779 521 2853 perstrinxerat,
537 2777 613 2836 idem
637 2794 689 2833 nos
710 2793 804 2832 rerum
822 2796 881 2835 me·

95 2877 176 2917 erum
191 2870 346 2935 gestarunt,
358 2878 429 2934 quas
442 2858 490 2916 ille
503 2855 705 2925 admirabatur,
717 2855 802 2913 laude
814 2877 882 2916 con-

91 2940 236 3016 junxerat.
278 2937 406 2996 Maxime
420 2958 486 2996 vero
507 2947 658 3014 perspecta
677 2945 721 2994 est
734 2937 880 3012 utriusque
890 2954 930 2996 ιιι

94 3028 224 3078 nostrum
236 3018 508 3096 exercitatiopanllo
519 3026 595 3087 ante,
604 3034 691 3091 quam
700 3016 879 3094 perterritum

96 3100 184 3160 ermis
197 3101 253 3160 hoc
267 3099 403 3173 studium,
419 3099 523 3172 Brute,
531 3106 660 3157 nostrum
671 3122 672 3127 ¹
682 3096 822 3162 conticuit
835 3115 882 3156 su·
