1986 3450
176 253 222 302 oe
244 248 621 307 cunnrsoanroarsus,
637 249 706 298 ex».
724 250 762 297 12.
825 251 862 309 13

83 368 208 472 dicendi,
227 410 322 456 tamen
346 397 392 454 ab*
404 396 576 472 Anaxagora
595 394 715 470 physico
734 393 862 452 eruditas

82 480 314 537 exercitationem
336 477 439 535 mentis
460 496 476 534 a
497 475 655 549 reconditis
670 476 861 551 abstrusisque

81 560 214 623 rebusad
230 578 332 617 causas
346 558 469 617 forenses
488 555 691 632 popularesque
710 555 793 612 facile
807 565 862 616 tra-

82 640 210 699 duxerat.
253 638 347 714 Hujus
360 634 497 696 suavitate
512 636 635 693 maxime
654 636 781 712 blilaratae
796 644 862 692 sunt

83 718 228 779 Athenae:
250 720 334 796 hujus
353 720 510 776 ubertatem
535 728 564 773 et
590 717 700 792 copiam
716 715 862 774 admiratae

81 799 210 875 ejusdem
224 799 281 856 vim
295 799 410 857 dicendi
426 811 616 872 terroremque
630 797 811 857 timuerunt:
887 810 894 816 ·

122 880 194 939 XII.
218 879 289 938 Haec
303 880 386 957 igitur
401 889 469 937 aetas
482 876 573 953 prima
587 877 709 935 Athenis
722 887 861 951 oratorem
871 889 898 930 45

78 979 167 1036 prope
179 958 333 1036 perlectum
348 961 444 1018 tulit.
441 957 527 1015 Nec
547 957 625 1014 enim
646 957 675 1015 in
690 957 864 1016 constituen-

79 1040 158 1097 tibus
169 1039 381 1117 rempublicam
394 1058 449 1097 neo
463 1038 493 1096 in
507 1037 581 1096 bella
591 1038 756 1114 gerentibus
765 1037 862 1096 necin

80 1119 222 1196 impeditis
237 1140 271 1178 ac
284 1138 384 1197 regum
405 1101 596 1178 dominatione
621 1119 760 1194 devinctis
781 1116 861 1176 nasci

80 1200 221 1276 cupiditas
235 1199 350 1259 dicendi
364 1200 442 1258 solet.
483 1199 568 1257 Pacis
591 1209 638 1257 est
649 1216 744 1256 comes
756 1197 862 1272 otiique

81 1280 161 1338 socia
187 1291 216 1339 et
246 1281 304 1358 jam
333 1281 406 1338 bene
441 1279 603 1338 constitutae
632 1277 772 1335 civitatis
781 1275 862 1352 quasi

82 1360 197 1418 alumna
223 1361 353 1437 quaedam
380 1359 563 1436 eloquentia.
603 1358 703 1432 Itaque
731 1355 769 1413 ait
798 1355 863 1414 Ari·
872 1371 898 1413 to

83 1441 206 1510 stoteles,
222 1460 290 1498 cum
303 1440 449 1498 sublatis
443 1459 472 1497 nr
496 1428 598 1496 Sicilia
608 1435 738 1513 tyrannis
752 1454 797 1492 res
809 1436 865 1512 pri·

80 1531 152 1579 vatae
166 1486 252 1596 loligo
276 1519 423 1577 intervallo
444 1504 572 1594 judiciis
584 1526 788 1594 repeterentur,
801 1524 862 1573 tum

78 1600 212 1677 primurn,
224 1599 297 1674 quod
311 1608 386 1655 esset
400 1608 485 1656 acuta
499 1598 546 1655 illa
560 1616 630 1674 gens
644 1605 673 1654 et
683 1605 863 1670 controversa

78 1691 193 1749 natura,
217 1688 305 1735 artem
326 1688 355 1735 et
377 1688 519 1754 precepta
541 1678 652 1736 Siculos
674 1678 813 1736 Coracem
834 1686 862 1735 et

78 1759 194 1817 Tisiam
210 1757 427 1834 conscripsisse:
449 1778 515 1816 nam
538 1769 622 1816 antea
641 1755 785 1815 neminem
799 1757 863 1816 soli-

80 1850 141 1898 tum
153 1839 199 1896 via
210 1858 264 1896 nec
279 1849 338 1896 arte
352 1840 401 1897 sed
417 1849 550 1897 accurate
564 1849 660 1896 tamen
671 1847 699 1895 et
711 1839 746 1895 de
757 1837 863 1915 scripto

80 1919 226 1996 plerosque
240 1908 353 1977 dicere.
374 1920 548 1997 scriptasque
573 1919 643 1977 fuiss
629 1938 659 1976 se
676 1929 704 1975 et
718 1927 863 1994 paratasa

81 1998 235 2077 Protagora
259 2018 353 2057 rerum
379 1995 530 2058 illustrium
558 1999 771 2075 disputationes,
799 2017 861 2074 quse

81 2099 160 2138 nunc
189 2096 354 2153 communes
381 2079 558 2157 appellantur
584 2078 656 2136 loci:
684 2079 758 2162 quod
785 2078 898 2136 idemtv

81 2159 183 2217 fecisse
196 2147 342 2236 Gorgiam,
358 2179 424 2217 curn
448 2158 624 2236 singularum
647 2176 740 2216 rerum
762 2157 862 2216 laudes

81 2239 354 2330 vituperationesque
376 2239 608 2330 conscripsisset:
627 2239 702 2314 quod
719 2239 863 2315 judicaret

82 2319 137 2377 boc
149 2320 266 2378 oratoris
280 2339 342 2377 esse
357 2320 479 2378 maxime
503 2318 645 2396 proprium
670 2338 729 2376 rem
756 2335 867 2394 augere*

81 2419 185 2476 posse
189 2400 332 2458 laudando
346 2400 587 2477 vituperandoque
609 2418 705 2457 rursus
727 2398 862 2473 affligere.

81 2479 162 2537 Huic
174 2481 377 2570 Antiphontem
393 2480 606 2538 Rhamnusium
617 2467 721 2536 similia
731 2476 864 2553 quasdam

82 2559 217 2617 habuisse
231 2560 411 2637 conscripta3
432 2579 488 2651 quo
507 2560 651 2618 neminem
666 2575 791 2634 unquam
806 2573 863 2616 me·

81 2639 139 2697 lius
153 2639 239 2696 ullam
259 2640 382 2698 oravisse
403 2640 504 2718 capitis
527 2659 654 2712 causam,
669 2658 734 2697 cum
757 2657 788 2695 se
802 2637 862 2714 ipse

81 2713 249 2777 defenderet
262 2739 292 2777 sa
313 2720 459 2789 audiente,
481 2720 605 2811 locuples
630 2729 728 2778 auctor
750 2718 862 2796 scripsit

82 2799 287 2875 Thucydides:
304 2819 370 2858 nam
383 2802 498 2877 Lysiam
508 2801 599 2878 primo
611 2799 739 2877 profiteri
749 2798 862 2858 solitum
871 2811 898 2850 48

84 2889 174 2938 artem
208 2898 272 2938 esse
299 2880 432 2939 dicendi:
454 2882 567 2953 deinde,
590 2879 664 2955 quod
692 2878 862 2939 Theodorus

83 2970 159 3018 esset
173 2959 202 3018 in
225 2969 284 3017 arte
305 2960 463 3033 subtilior,
457 2982 486 3020 ru
509 2959 683 3020 orationibus
707 2972 801 3018 autern
821 2958 862 3033 je-
963 2995 965 2999 -

80 3038 187 3115 junior,¹
200 3040 341 3099 orationes
361 3059 426 3099 eum
446 3042 571 3112 scribere
592 3039 655 3097 aliis
674 3041 850 3118 cepissent
850 3071 862 3084 ·

82 3128 142 3179 tem
155 3121 308 3182 removisse
313 3202 335 3264 2
344 3120 472 3183 similiter
494 3121 659 3186 Isocratem
673 3122 774 3204 primo
784 3125 886 3175 artem
