1986 3450
154 416 194 478 52
253 415 300 465 DE
322 413 447 465 CLARIS
469 413 698 475 ORATORIBUS,
713 415 783 466 Car.
798 419 838 466 47.

155 562 314 623 secuudum
326 573 423 622 tamen
446 581 539 641 neque
559 562 674 621 tertium
695 562 824 621 dixerim.
865 559 936 622 Nee

155 642 232 701 euim
246 643 276 701 in
289 643 434 722 quadrigis
452 663 518 702 eum
540 644 698 702 secundum
722 643 934 701 numeraverim

155 734 204 781 aut
227 725 351 792 tertium,
375 724 423 798 qui
442 724 488 781 vix
510 744 526 781 e
549 723 711 782 carceribus
738 724 850 794 exierit,
863 741 933 781 cum

153 803 277 880 palmam
288 804 346 881 jam
358 805 464 880 primus
479 805 619 881 acceperit
626 825 633 874 ;
656 823 709 862 nec
721 804 749 862 iu
761 803 934 874 oratoribus,

154 884 202 961 qui
216 895 324 942 tantum
340 884 412 941 absit
427 904 443 941 a
456 887 555 961 primo,
571 885 616 942 vix
630 896 661 942 ut
683 885 711 943 in
727 884 829 942 ecdem
843 883 935 941 curri·

153 964 219 1022 culo
245 983 307 1021 esse
335 963 470 1022 videatur.
522 966 579 1022 Sed
607 977 702 1022 tamen
730 975 810 1022 erant
837 983 874 1021 ea
901 963 932 1020 in

153 1043 293 1119 Philippu,
320 1064 392 1120 quae,
415 1044 462 1119 qui
489 1044 550 1102 sine
577 1045 787 1121 comparatione
816 1043 931 1101 illorum

152 1133 302 1200 spectaret,
317 1125 384 1182 satis
409 1144 513 1202 magna
536 1125 659 1195 diceret3
678 1143 792 1189 ¹summu
813 1124 934 1182 libertae

152 1202 182 1261 in
203 1203 338 1276 oratione,
353 1205 448 1264 multae
473 1205 599 1264 facetia:
621 1205 688 1262 satis
712 1205 810 1262 creber
832 1204 863 1261 iu
888 1223 934 1261 re·

150 1282 303 1360 perieudis,
318 1285 425 1342 solutus
440 1285 469 1342 iu
483 1286 659 1362 explicandis
680 1284 845 1342 sententiis:
867 1293 932 1341 erat

151 1361 238 1422 etiam
253 1363 281 1422 in
296 1364 393 1440 primis
406 1376 437 1423 ut
451 1367 622 1442 temporibus
637 1365 691 1422 illis
704 1365 814 1424 Graecis
826 1363 933 1422 doctri-

151 1442 196 1502 nis
210 1444 372 1516 institutus;
394 1444 423 1502 iu
439 1445 602 1504 altercando
623 1464 688 1504 curn
713 1445 806 1521 aliquo
827 1446 930 1503 aculeo

103 1543 141 1584 rrr
151 1533 181 1581 et
199 1525 350 1584 maledicto
368 1525 485 1584 facetus.
526 1515 637 1585 Horum
660 1525 735 1585 aetati
755 1544 840 1602 prope
863 1544 931 1583 con·

143 1603 265 1682 ‘junctus
292 1607 324 1664 L.
347 1605 456 1664 Gellius
483 1626 539 1664 non
568 1616 625 1663 tam
653 1606 803 1663 vendibilis
823 1617 930 1676 orator,

150 1702 234 1761 quam
251 1696 280 1743 ut
294 1687 428 1754 nescires,
442 1687 509 1762 quid
523 1686 549 1743 ei
563 1687 690 1744 deesset:
712 1705 766 1743 nec
777 1685 853 1742 enim
868 1693 931 1742 erat

150 1763 283 1824 indoctus
297 1785 351 1824 nec
365 1767 460 1824 tardus
475 1767 509 1824 ad
524 1767 741 1844 excogitandum
754 1785 808 1823 nec
820 1765 930 1823 Roma·

150 1862 251 1902 narum
275 1865 368 1903 rerum
390 1847 537 1904 immemor
558 1856 586 1904 et
600 1847 691 1905 verbis
712 1847 819 1903 solutus
840 1845 929 1915 satis;

148 1924 242 1981 rediri
257 1944 373 2002 magnos
386 1937 511 1984 oratores
525 1927 662 1984 inciderat
677 1926 737 2003 ejus
752 1937 834 1985 aetas:
856 1925 929 1983 mul-

148 2013 207 2061 tam
229 2014 324 2062 tamen
350 2024 463 2081 operam
491 2006 591 2064 amicis
617 2019 645 2064 et
665 2006 761 2063 utilem
789 2006 927 2082 praebuit;

147 2093 233 2158 atque
247 2083 287 2140 ita
300 2084 349 2140 diu
364 2084 441 2155 vixit,
456 2097 487 2142 ut
502 2087 652 2144 multarum
679 2096 792 2146 aetatum
812 2085 931 2144 oratori·

148 2163 202 2222 bus
216 2163 418 2240 implicaretur,
433 2165 552 2222 multum
574 2167 659 2223 etiam
683 2167 711 2223 in
727 2164 822 2223 causis
836 2185 931 2224 versa·

94 2270 134 2310 175
143 2251 232 2306 retur.
276 2244 381 2301 Iisdem
396 2243 454 2302 fere
469 2247 641 2322 temporibus
661 2245 697 2303 D.
712 2247 817 2304 Brutus
831 2245 865 2316 is,
879 2246 929 2322 qui

142 2323 247 2388 munau!
263 2343 328 2381 cum
353 2323 501 2383 Mamerco
523 2326 585 2398 fuit,
600 2327 683 2385 homo
703 2336 732 2384 et
755 2325 866 2384 Graecis
880 2327 929 2384 do·

141 2418 208 2468 ctus
221 2403 313 2464 literis
330 2414 359 2461 et
373 2404 491 2463 Latinis.
533 2405 654 2464 Dicebat
668 2407 753 2464 etiarn
776 2406 809 2464 L.
828 2405 927 2483 Scipio

140 2508 197 2549 non
229 2484 379 2561 imperite;
406 2485 567 2562 Cnaeusque
594 2487 755 2562 PompeiuS,
784 2487 850 2543 Sex.
880 2484 925 2558 F„

140 2571 264 2648 aliquem
295 2576 444 2622 numerum
467 2567 632 2636 obtinebat;
653 2586 720 2623 nom
748 2567 813 2623 Sex.
839 2565 926 2624 irater

138 2651 200 2729 ejus
226 2645 497 2728 praesbantissimum
530 2647 674 2723 ingenium
703 2646 861 2704 contulerat
890 2646 924 2703 ad

139 2748 277 2790 summam
290 2726 369 2808 juris
384 2725 474 2784 civilis
487 2736 516 2783 et
530 2728 564 2783 ad
590 2728 744 2804 perfectum
759 2726 923 2802 geometriae

137 2819 166 2866 et
180 2831 272 2870 rerum
288 2806 455 2869 Stoicarum
471 2807 628 2866 scientiam.
671 2805 744 2863 Item
768 2808 797 2863 in
816 2807 881 2883 jure
895 2816 924 2863 et

137 2899 203 2946 ante
218 2892 269 2948 hos
283 2891 325 2949 M.
344 2885 454 2948 Brutus
474 2898 501 2943 et
526 2887 620 2962 paullo
632 2897 693 2963 post
707 2906 772 2943 eum
788 2887 821 2943 C.
838 2887 924 2944 Bilie·

135 2987 199 3040 nus,
215 2969 297 3030 homo
317 2989 369 3050 per
399 2984 429 3022 se
450 2985 580 3043 magnus,
594 2985 679 3042 prope
704 2967 788 3024 simili
813 2968 923 3025 ratione

134 3066 263 3106 summus
283 3056 438 3111 evaserat:
459 3047 506 3120 qui
529 3047 626 3103 consul
652 3047 743 3105 sactus
767 3057 852 3117 esset,
868 3046 923 3105 nisi

133 3125 164 3187 in
178 3127 323 3189 Marianos
342 3124 515 3192 consulatus
536 3135 565 3183 et
585 3126 614 3183 in
637 3146 686 3184 eas
708 3127 851 3204 petitionis
874 3147 923 3186 au·

84 3211 241 3287 noguerias
257 3209 416 3273 incidisset.
464 3205 518 3264 On.
535 3215 629 3264 autem
652 3206 768 3266 Octavii
789 3207 923 3285 eloquen-

132 3289 181 3362 tia,
208 3309 271 3367 que
292 3291 383 3351 suerat
419 3294 493 3348 rante
519 3276 699 3346 coubulatum
722 3287 862 3366 ignorata,
890 3287 921 3347 iu
