1986 3450
158 232 205 282 DE
223 231 353 283 *cunels
378 230 607 291 onAronmus
623 233 692 287 Otr.
709 234 747 282 73.
802 232 848 292 ’79

64 397 234 456 summoque
253 379 348 437 studio
372 387 401 436 et
422 377 570 456 diligentia
594 388 638 436 est
663 387 844 437 consecutus.

62 458 144 521 Quin
160 461 246 518 etiam
262 460 291 517 in
315 458 446 516 maximis
464 458 711 535 occupationibus,
728 478 793 516 cum
809 458 845 516 ad
856 474 896 515 2⁵³

61 548 91 596 te
106 540 207 616 ipsum,
222 539 314 616 inquit
329 539 358 597 iu
373 548 417 596 me
431 539 555 609 intuens,
570 540 605 597 de
619 539 728 597 ratione
742 538 845 598 Latine

59 618 197 696 loquendi
225 619 440 678 accuratissime
460 620 615 696 scripserit,
639 619 788 696 primoque
815 619 844 676 in

61 698 135 758 libro
159 700 262 758 dixerit
283 700 431 779 verborum
453 699 594 758 delectum
618 700 757 776 originem
780 717 845 756 esse

61 778 243 858 eloquentia,
258 780 452 856 tribueritque,
474 781 513 838 mi
534 780 632 852 Brute,
646 779 715 838 huic
737 789 843 853 nostro,

60 861 112 935 qui
126 879 173 918 me
196 861 233 919 de
256 860 305 918 illo
325 861 424 919 maluit
446 880 531 936 quam
553 880 583 918 se
608 862 714 932 dicere,
728 860 844 918 laudem

59 941 256 1016 singularem:
277 934 343 999 nain
365 941 479 1018 scripsit
500 941 544 999 his
558 942 659 1013 verbis,
675 960 740 998 cnm
766 941 844 999 lrunc

60 1020 180 1079 nomine
202 1031 276 1080 esset
302 1022 422 1083 affatus:
449 1042 493 1093 aa,
508 1023 534 1079 si
556 1023 684 1098 cogitato
701 1023 844 1098 preclare

61 1100 156 1176 eloqui
184 1111 306 1178 possent,
328 1103 457 1160 nonnulli
480 1101 573 1160 studio
592 1111 618 1160 et
642 1122 694 1160 usn
718 1102 844 1160 elaboro·

60 1189 174 1250 verunt,
187 1182 266 1259 cujtm
281 1191 307 1240 te
316 1202 398 1259 piane
414 1183 574 1259 principem
598 1183 686 1258 copim
704 1190 788 1258 utque
799 1183 845 1238 ⁴in·

60 1269 199 1320 ventorem
224 1263 290 1321 dene
317 1263 351 1322 de
377 1263 486 1320 nomine
513 1280 547 1319 ac
574 1261 716 1336 dignitate
742 1261 845 1338 populi

60 1340 189 1400 Romani
211 1345 339 1401 meritum
353 1362 411 1400 esso
425 1341 586 1402 existimare
601 1341 744 1400 debemus:
767 1343 846 1399 hunc

60 1420 176 1480 facilem
190 1433 219 1481 et
232 1422 430 1500 quotidianum
445 1421 562 1499 novisse,
581 1440 741 1479 sermonem
766 1439 845 1479 nnnc

59 1520 112 1578 pro
123 1503 224 1560 relicto
236 1514 280 1561 est
291 1501 483 1559 habendum*
520 1501 665 1559 LXXIII.
687 1501 765 1559 Tum
776 1503 846 1561 Bru·
855 1516 895 1556 ast

60 1592 117 1652 tus,
133 1583 249 1654 Amice,
264 1583 392 1653 hercule,
406 1582 508 1657 inquit,
521 1592 551 1640 et
572 1582 724 1659 magnifice
744 1592 773 1640 te
783 1583 846 1640 lau·

59 1661 160 1719 datum
180 1673 259 1738 puto,
273 1680 358 1738 quern
379 1681 437 1720 non
462 1663 552 1727 solum
577 1662 737 1740 principem
762 1674 845 1741 atque

59 1741 237 1800 inventorem
252 1741 341 1818 copiae
356 1741 467 1815 dixerit,
482 1762 550 1819 qum·
569 1754 630 1801 erat
655 1763 758 1821 magna
771 1745 844 1818 laus,

59 1821 112 1879 sed
127 1821 213 1879 etiam
228 1821 303 1880 bene
317 1823 448 1881 meritum
470 1824 506 1881 de
527 1823 623 1900 populi
646 1823 773 1882 Romani
795 1845 845 1885 no·

59 1901 139 1959 mine
153 1913 182 1960 et
196 1902 344 1980 dignitate.
385 1903 458 1966 Quo
476 1904 554 1962 enim
578 1923 636 1963 uno
657 1906 844 1965 vincebamur

61 2000 78 2040 a
92 1982 168 2040 ricta
181 1983 305 2055 Graecia,
320 1983 349 2041 id
364 1995 413 2042 aut
426 1996 553 2061 ereptum
576 1985 631 2042 illis
644 1996 688 2044 est
703 1998 751 2044 aut
765 1999 843 2046 certe

60 2062 142 2120 nobis
164 2082 231 2121 cum
255 2063 311 2122 illis
331 2065 584 2123 communicatum.
626 2065 714 2125 Hanc
736 2080 896 2139 antemnas

61 2142 162 2219 inquit,
177 2143 296 2220 gloriam
311 2144 561 2221 testimoniumque
576 2146 700 2205 Caesaris
714 2157 769 2208 tuae
784 2148 845 2224 qui·

60 2223 126 2281 dem
141 2224 341 2300 supplicationi
360 2244 416 2282 uon
441 2225 490 2282 sed
516 2225 668 2303 triumphis
690 2229 842 2286 multorum

61 2315 211 2380 antepono.
266 2305 305 2362 Et
330 2315 410 2363 recte
437 2305 562 2380 quidem,
591 2306 717 2384 inquam,
745 2309 843 2378 Brute,

57 2384 145 2441 modo
156 2385 195 2442 sit
213 2385 268 2443 lroc
293 2386 417 2445 Caesaris
435 2385 538 2462 judicii
559 2405 616 2444 non
640 2387 844 2445 benevolentias

58 2465 264 2523 tesnmonium.
290 2465 358 2524 Plus
371 2466 448 2523 enim
465 2476 542 2524 certe
555 2468 650 2526 attulit
661 2468 729 2525 huic
741 2466 844 2542 populo

58 2543 218 2620 dignitatis,
233 2546 359 2622 quisquis
374 2557 417 2604 est
439 2545 497 2619 ille,
512 2548 536 2604 si
560 2549 645 2606 modo
667 2558 710 2604 est
732 2545 843 2622 aliquis,

58 2624 109 2700 qui
123 2644 180 2683 non
196 2626 345 2684 illustravit
359 2628 453 2699 modo,
465 2628 515 2685 sed
529 2628 616 2686 etiam
631 2626 731 2706 genuit
744 2626 773 2685 in
788 2628 844 2686 hac

59 2704 131 2762 urbe
158 2706 274 2764 dicendi
301 2708 421 2784 copiam,
443 2727 528 2785 quum
556 2709 606 2776 illi,
631 2707 680 2784 qui
704 2706 843 2786 Ligurum

60 2785 178 2843 castella
202 2800 456 2864 expugnaverunt3
477 2808 513 2848 ex
534 2783 740 2866 quibus'multi
765 2800 844 2861 suut,

60 2877 92 2923 ut
119 2866 208 2937 scitis,
232 2867 375 2944 triumphi.
416 2869 525 2927 Verum
552 2869 666 2945 quidem
692 2869 716 2927 si
744 2870 894 2931 audiretis

58 2945 189 3004 volumus
222 2947 334 3005 omissis
361 2949 416 3007 illis
447 2949 551 3008 divinis
578 2948 715 3024 consiliis,
741 2950 845 3026 quibus

305 3113 384 3164 *The
395 3119 450 3165 toxt
460 3116 481 3164 is
492 3119 597 3178 corrupt.
641 3112 643 3117 '
