1986 3450
187 211 235 262 DE
257 212 385 263 CLARIS
408 210 640 271 ORATORIBUS,
657 214 727 262 Cae.
743 214 783 263 82.
843 215 884 276 89

88 360 241 418 honoratus
255 358 376 416 videtur.
416 357 481 421 Qui
495 368 590 416 autem
609 358 874 436 occasionealiqua

87 439 173 498 etiam
188 439 284 498 invitis
305 439 364 496 suis
386 439 496 505 civibus
520 450 623 496 nactus
645 451 688 496 est
711 440 871 516 imperium,

87 530 118 578 ut
139 519 187 577 ille
206 519 350 595 cupiebat,
366 521 443 579 hunc
468 539 572 577 nomen
597 519 713 577 honoris
736 521 871 598 adeptum

86 619 141 658 non
157 601 292 657 honorem
306 611 382 677 puto.
422 602 499 663 Quae
514 600 537 656 si
552 600 600 657 ille
615 601 713 657 audire
728 601 870 675 voluisset,

87 680 211 747 maxima
226 699 290 736 curn
307 681 398 756 gratia
411 692 440 738 et
454 680 544 757 gloria
559 681 594 742 ad
611 696 757 738 'summam
774 683 872 759 ampli·

86 761 216 819 tudinem
232 761 406 836 pervenisset
426 761 606 821 adscendens
629 763 767 839 gradibus
783 762 871 839 magi·

86 851 237 912 stratuum,
249 850 280 897 ut
293 851 372 917 pater
383 841 443 918 ejus
455 842 572 913 lecerat,
582 854 612 899 ut
623 842 723 918 reliqui
735 843 871 905 clariores

86 920 148 980 viri.
189 920 265 982 Quae
279 922 392 996 quidem
406 923 492 980 etiam
508 942 575 980 curn
589 922 621 979 P.
637 923 752 996 Crasso,
766 922 808 981 M.
825 922 870 996 F„

86 1019 154 1059 cum
169 999 249 1060 initio
263 1002 353 1070 aetatis
368 1004 403 1061 ad
419 1003 574 1061 amicitiam
599 1022 630 1060 se
652 1022 745 1075 meam
770 1014 871 1062 contu·

85 1081 176 1150 iisset,
191 1101 264 1158 saepe
287 1083 381 1160 egisse
403 1103 449 1143 me
472 1084 600 1156 arbitror,
617 1093 684 1141 curn
699 1103 772 1142 ,eum
787 1086 870 1142 vehe-

87 1172 201 1220 menter·
212 1163 346 1235 hortarer,
362 1173 392 1223 ut
406 1184 469 1223 earn
485 1164 578 1222 laudis
593 1163 666 1220 viam
681 1165 869 1223 rectissimam

86 1261 149 1300 esse
163 1243 290 1313 duceret,
305 1264 390 1335 quarn¹
414 1243 533 1320 majores
556 1243 617 1333 ejus
639 1243 666 1300 ei
691 1244 785 1313 tritam
806 1244 869 1302 reli-

83 1322 220 1414 quissent.
262 1326 332 1383 Erat
346 1325 423 1383 enim
438 1343 504 1382 cnm
528 1323 677 1381 institutus
688 1323 794 1400 optime
808 1334 869 1381 tum
879 1339 919 1380 eae

85 1403 171 1461 etiam
176 1405 312 1494 perfecte
334 1405 484 1481 planeque
500 1403 648 1473 eruditus;
670 1402 819 1480 ineratque
840 1414 869 1463 et

85 1483 233 1574 ingenium
256 1484 325 1541 satis
347 1503 413 1542 acre
434 1495 463 1542 et
483 1483 619 1546 orationis
641 1502 698 1541 non
720 1483 869 1560 inelegans

85 1563 188 1639 copia.
217 1576 409 1655 praetereaque
434 1564 496 1622 sine
521 1563 684 1641 arrogantia
697 1564 792 1642 gravis
806 1583 869 1623 esse

85 1642 233 1701 videbatur
247 1654 275 1701 et
289 1644 350 1702 sine
364 1644 486 1721 segnitia
497 1645 684 1707 verecundus.
720 1645 777 1702 Sed
791 1645 868 1705 hune

84 1741 198 1799 quoque
232 1724 375 1782 absorbuit
402 1736 487 1784 aestus
513 1725 627 1801 quidam
662 1744 719 1783 non
747 1724 867 1787 insolite

85 1802 316 1864 adolescentibus
340 1805 454 1898 glqpiaer
476 1806 536 1882 qui
554 1805 621 1882 quia
645 1816 762 1863 navarat
785 1805 868 1864 miles

83 1902 200 1960 operam
222 1885 394 1962 imperatori,
415 1887 612 1964 imperatorem
634 1905 665 1944 se
687 1887 782 1946 statim
804 1906 867 1946 esse

84 1964 236 2040 cupiebat;
258 1966 305 2024 cui
320 1968 430 2025 muneri
445 1986 505 2036 mos
527 1967 664 2044 majorum
679 1978 792 2027 aetatern
807 1987 868 2026 cer·

82 2054 152 2116 tam,
177 2056 280 2105 sortem
307 2046 445 2105 incertam
468 2043 590 2125 reliquit
632 2046 678 2105 Ita
700 2047 868 2126 gravissimo

84 2143 136 2183 suo
160 2144 240 2198 casu,
265 2127 332 2185 dum
355 2127 425 2204 Cyri
449 2139 478 2186 et
500 2127 658 2186 Alexandri
680 2129 780 2187 similis
802 2147 866 2186 esse

85 2204 181 2276 voluit,
203 2207 251 2283 qui
276 2227 358 2265 suurn
381 2227 495 2265 cursum
518 2219 755 2280 transcurrerent,
778 2219 807 2266 et
831 2207 865 2265 L.

84 2285 182 2344 Crassi
195 2298 224 2344 et
238 2288 389 2346 multorum
404 2287 571 2346 Crassorum
583 2288 716 2347 inventus
729 2299 772 2347 est
786 2287 866 2344 dissi-

84 2365 227 2424 millimus.
269 2367 429 2427 LXXXII.
452 2368 509 2426 Sed
531 2369 569 2426 ad
593 2369 713 2429 Calvum
735 2368 774 2444 (is
788 2366 916 2423 enimssa

84 2444 166 2503 nobis
192 2458 253 2505 erat
280 2450 452 2528 propositus)
481 2460 670 2508 revertamur:
695 2449 744 2524 qui
770 2457 866 2504 orator

84 2524 184 2584 fuisset
210 2547 276 2585 cum
299 2530 388 2591 literis
409 2529 545 2589 eruditior
571 2550 657 2606 quam
682 2526 781 2597 Curio,
804 2536 865 2586 tum

83 2605 170 2663 etiam
186 2611 347 2668 accuratius
361 2612 503 2686 quoddam
518 2610 634 2669 dicendi
648 2620 677 2668 et
696 2607 865 2699 exquisitius

84 2684 221 2747 afferebat
242 2709 350 2766 genus3
372 2693 446 2783 quod
468 2710 637 2782 quamquem
663 2687 786 2747 scienter
808 2689 865 2748 ele·

82 2777 238 2844 ganterque
253 2772 402 2844 tractabat,
417 2772 537 2830 nimium
562 2784 658 2830 tamen
673 2766 820 2846 inquirens
834 2771 863 2829 in

81 2865 114 2904 se
143 2858 226 2924 atque
250 2849 309 2926 ipse
336 2871 398 2911 sese
424 2853 578 2912 observans
605 2860 801 2927 metuensque,
827 2869 866 2911 ne

82 2926 215 2987 vitiosum
237 2930 390 3008 colligeret,
404 2934 491 2992 etiam
506 2951 603 2991 rerum
625 2931 795 3023 sanguinem
816 2932 866 2988 de-

82 3009 228 3084 perdebat.
280 3010 381 3089 Ituque
408 3014 484 3091 ejus.
495 3012 586 3072 oratio
612 3011 701 3071 nimia
726 3012 864 3090 religione

83 3097 232 3153 attenuata
244 3093 337 3156 doctis
350 3102 380 3153 et
392 3104 501 3156 attente
515 3091 698 3155 audientibus
719 3102 783 3154 erat
800 3090 864 3153 illu·

319 3173 358 3234 gs
