1986 3450
147 221 187 282 28
247 221 294 269 ΒΕ
317 220 442 269 CLARIS
465 218 693 276 0RATORIBUS,
710 221 779 268 Car.
795 220 834 267 25.

148 365 338 427 mediocrium
362 369 396 428 L.
411 377 440 424 et
454 368 501 442 Sp.
520 364 654 424 Mummii
675 367 786 436 fratres,
808 384 930 441 quorum

147 457 260 504 exstant
275 448 422 506 amborum
437 446 597 504 orationes:
620 446 739 522 simplex
763 446 879 520 quidem
894 446 932 505 L.

112 562 116 570 ·
147 537 177 584 et
190 528 340 604 antiquus:
363 529 411 605 Sp,
428 539 523 585 autem
538 526 626 583 nihilo
647 527 694 584 ille
718 527 832 604 quidem
847 545 933 584 orna-

129 676 131 681 ,
147 607 201 665 tior
216 609 266 666 s'ed
280 620 376 666 tamen
402 607 580 664 adstrictior:
598 606 656 664 tuit
680 608 757 664 euim
778 608 881 664 doctus
895 626 933 664 ex

148 687 302 765 disciplina
325 688 496 747 Stoicorum.
540 687 729 746 Multaesuut
754 688 802 763 Sp.
829 687 932 745 Albini

148 769 298 828 orationes.
342 770 416 827 Sunt
449 768 534 834 etiam
564 766 596 826 L.
625 777 654 824 et
682 767 714 826 C.
745 767 931 826 Aureliorum

148 848 327 920 Orestarum,
341 869 414 926 quos
434 849 527 924 aliquo
549 848 632 905 video
646 848 675 904 in
699 853 819 906 numero
840 857 934 906 orato·

112 947 212 990 esrum
227 927 322 988 luisse.
364 930 396 987 P.
417 927 661 1004 etiam-Popillius
681 947 747 986 oum
767 928 839 986 civis
851 946 934 1004 egre·

148 1008 213 1086 gius
223 1018 285 1069 tum
299 1029 355 1068 non
370 1008 600 1071 indisertuslui't:
627 1007 754 1080 G.·vero,
769 1008 845 1067 filius
857 1009 933 1085 ejus,

53 1095 57 1104 “
148 1088 279 1149 disertus.
321 1090 467 1165 Gaiusque
488 1089 655 1147 Tuditanus
677 1108 743 1147 cnm
767 1089 845 1148 omui
867 1089 933 1148 vitre

149 1179 234 1246 atque
247 1172 326 1237 victu
350 1171 483 1244 excultus
505 1181 591 1246 atque
612 1168 762 1245 expolitus,
785 1179 845 1228 tum
868 1170 939 1245 ejns'

149 1249 266 1327 elegans
279 1248 323 1317 est
337 1251 466 1310 habiturn
477 1250 570 1313 ,etiam
584 1249 720 1307 orationis
734 1269 834 1327 genus.
875 1249 934 1308 Eo-

75 1348 79 1355 ·
149 1329 271 1407 demque
298 1331 328 1388 iu
355 1349 460 1408 genere
483 1340 527 1387 est
548 1330 662 1388 habitus
687 1331 723 1402 is,
748 1331 798 1406 qui
827 1329 934 1405 injuria

150 1421 271 1488 accepta
285 1411 368 1489 fregit
382 1412 430 1470 Ti.
445 1410 611 1468 Gracchum
636 1411 785 1487 patientia,
809 1410 880 1475 ciris
902 1409 933 1468 iu

149 1491 235 1551 rebus
268 1493 383 1569 optimis
417 1490 676 1562 constantissimus,
710 1489 753 1547 M.
768 1490 933 1550 ‘Octavius

150 1573 271 1631 atvero
289 1571 335 1628 Μ.
352 1572 488 1630 AEnrilius
511 1571 647 1648 Lepidus,
671 1570 720 1646 qui
744 1570 934 1630 estPorciuu

149 1652 256 1724 dictus,
283 1652 383 1724 iisdem
407 1652 581 1728 temporibus
599 1651 674 1722 ¹fere,
697 1650 803 1727 quibus
827 1650 934 1722 Galba,

149 1732 200 1789 sed
214 1731 300 1809 paulo
315 1732 405 1789 minor
420 1743 490 1791 natu
503 1743 532 1789 et
546 1748 675 1791 summus
687 1743 781 1790 orator
795 1743 838 1789 est
852 1731 934 1789 habi·

149 1821 197 1870 tus
210 1821 239 1869 et
262 1811 325 1882 fuit,
348 1825 380 1870 ut
403 1823 521 1888 apparet
543 1831 579 1870 ex
602 1812 789 1879 orationibus,
806 1811 934 1887 scriptor

113 1910 220 1952 soaane
247 1891 347 1949 bonus.
390 1890 456 1948 Hoc
484 1892 513 1948 iu
540 1903 651 1949 oratore
678 1892 781 1950 Latino
806 1891 934 1967 primum

150 1971 221 2029 mihi
234 1969 345 2028 videtur
359 1981 388 2028 et
401 1971 504 2028 lenitas
519 1972 682 2049 apparuisse
696 1973 747 2037 illa¹
764 1972 933 2030 Graecorum

150 2060 180 2109 et
193 2051 342 2109 verborum
357 2051 573 2126 comprehensio
594 2053 681 2110 etiarn
701 2052 813 2122 artilex,
835 2062 867 2110 ut
891 2052 934 2110 ita

151 2131 257 2202 dicam,
271 2132 361 2190 stilus
405 2131 495 2190 Hunc
509 2130 636 2191 studiose
656 2133 718 2191 duo
734 2133 935 2191 adolescentes

150 2210 373 2288 ingeniosissimi
387 2222 416 2268 et
429 2230 517 2289 prope
531 2214 664 2288 equales,
679 2213 714 2270 C.
730 2213 825 2271 Carbo
837 2224 868 2270 et
881 2211 931 2272 Ti.

149 2292 311 2362 Gracchus,
342 2292 442 2350 audire
469 2293 544 2350 soliti
572 2304 656 2363 sunt;
684 2293 721 2350 dc
744 2293 847 2369 quibus
871 2292 933 2369 jam

150 2372 267 2431 dicendi
294 2373 376 2431 locus
401 2372 465 2442 erit,
494 2392 561 2432 cnm
589 2375 626 2432 de
652 2374 811 2432 senioribus
837 2391 933 2449 pauca

149 2454 255 2513 dixero.
296 2453 336 2515 Q.
349 2452 425 2510 enim
437 2452 592 2531 Pompeius
606 2473 662 2512 non
678 2463 859 2530 contemptus
872 2472 936 2512 ora-

150 2545 193 2592 tor
216 2535 391 2611 temporibus
413 2532 469 2590 illis
492 2533 554 2606 fuit,
581 2535 631 2611 qui
658 2552 784 2592 summos
811 2534 935 2593 honores

150 2613 235 2672 homo
247 2634 298 2690 per
313 2633 344 2672 se
359 2613 492 2690 cognitus
516 2615 579 2672 siue
600 2614 659 2674 nlla
684 2614 935 2672 commendatione

113 2712 139 2752 or
150 2693 288 2768 majorum
303 2705 347 2752 est
361 2694 489 2770 adeptus.
531 2694 610 2753 Tum
626 2693 658 2752 L.
673 2694 797 2753 Crassus
811 2695 934 2753 multum

149 2773 242 2849 potuit
255 2794 312 2832 nou
327 2774 490 2850 eloquentia
503 2775 554 2833 sed
567 2774 692 2835 diceudo
710 2784 806 2832 tamen
819 2795 826 2844 ;
849 2776 935 2832 homo

150 2871 208 2910 uon
222 2853 400 2923 liberalitate,
414 2864 447 2913 nt
461 2853 519 2925 alii,
533 2854 582 2912 sed
599 2855 660 2931 ipsa
678 2854 793 2913 tristitia
814 2865 843 2912 et
856 2874 936 2912 seve·

149 2932 233 2993 ritate
246 2935 405 3010 popularis;
427 2934 511 3010 cujus
524 2934 638 3009 quidem
653 2935 711 3012 legi
725 2934 880 2994 tabellariae
891 2934 934 2993 M.

150 3013 258 3072 Antius
272 3014 353 3073 Briso
366 3015 499 3074 tribunus
517 3015 608 3090 plebis
634 3016 683 3073 diu
706 3015 809 3077 restitit
823 3014 865 3072 Μ.
880 3015 936 3073 Le-

147 3094 219 3171 pido
232 3095 352 3155 consule
377 3094 549 3172 adjuvaute;
570 3114 662 3172 eaque
678 3114 724 3154 res
745 3094 777 3152 P.
792 3094 937 3160 Africano
