1986 3450
197 240 243 295 nn
264 244 389 295 cssnrs
410 242 639 303 onnronmus,
655 230 721 294 oi».
738 242 760 295 oz
852 247 872 304 7

93 390 231 464 Deiotari,
259 391 417 450 fidelissimi
442 399 525 468 atque
558 389 658 468 optimi
685 391 768 468 regis,
790 409 872 449 orna·

93 472 201 530 tissime
214 483 242 530 et
256 471 449 548 copiosissime
470 491 487 529 a
507 472 596 530 Bruto
619 489 665 541 me
688 471 799 529 audisse
824 471 871 529 de·

93 552 212 611 sensam.
253 552 307 611 vl.
330 552 407 623 Scio,
422 551 522 628 inquit,
538 552 573 608 ab
588 552 641 608 isto
655 551 737 608 initio
748 562 869 609 tractum

91 638 156 692 esse
182 651 351 704 sermonem,
384 642 466 708 teque
500 631 581 690 Bruti
609 631 751 689 dolentem
778 631 870 708 vicem

91 713 173 788 qnasi
200 713 347 770 deflevisse
364 713 535 789 judiciorum
562 712 721 769 vastitatem
749 721 778 768 et
810 711 870 769 fori.

92 790 174 864 Feci,
187 793 316 868 inquam,
330 793 403 851 istuc
416 790 585 870 quide‘m,et
599 811 672 868 saepe
687 791 770 851 facio.
792 790 822 848 N
825 811 869 849 am
875 810 904 849 as

90 873 175 944 mihi,
199 872 295 944 Brute,
316 873 344 931 in
366 884 394 931 te
421 873 543 945 intuenti
568 873 668 930 crebro
694 872 723 929 in
745 881 870 931 mentem

90 952 172 1010 venit
198 953 296 1024 vereri,
323 954 499 1031 ecquodnam
523 953 696 1012 curriculum
719 952 871 1028 aliquando

89 1031 129 1090 sit
143 1031 273 1091 habitura
286 1036 374 1105 tuaet'
387 1044 490 1092 natura
504 1033 677 1091 admirabilis
691 1042 720 1090 et
733 1033 871 1108 exquisita
970 1026 973 1036 ’

91 1112 221 1171 doctriua
234 1122 263 1170 et
276 1113 427 1191 singularis
449 1115 597 1172 industria.
638 1115 713 1173 Cum
737 1115 814 1170 enim
839 1113 869 1172 in

90 1193 222 1251 maximis
236 1193 331 1251 causis
345 1202 470 1252 versatus
484 1214 571 1266 esses,
594 1204 622 1251 et
646 1203 712 1252 cum
727 1193 779 1250 tibi
802 1201 870 1252 aetas

90 1284 191 1332 nostra.
203 1273 262 1351 jam
277 1274 391 1332 cederet
406 1274 555 1350 fascesque
568 1268 757 1353 submitteret,
776 1265 870 1331 subito

89 1353 122 1412 iu
143 1355 258 1414 civitate
279 1373 345 1412 cum
371 1353 426 1412 alia
448 1355 625 1423 ceciderunt,
647 1363 707 1409 turn
728 1352 814 1410 etiarn
835 1371 870 1410 ea

90 1433 161 1510 ipsa,
173 1435 208 1492 de
222 1452 278 1510 qua
291 1435 435 1510 disputare
448 1434 584 1503 ordimur,
600 1432 759 1506 eloquentia
772 1433 871 1490 obmu-

89 1513 152 1572 tuit.
181 1513 273 1584 ⁴Turn
293 1514 350 1585 ille,
365 1515 534 1573 Ceterarum
548 1531 642 1570 rerum
657 1524 758 1579 causa,
770 1511 870 1587 inquit,
880 1530 906 1570 aa

89 1593 165 1652 istuc
179 1598 208 1650 et
222 1594 305 1651 doleo
319 1602 347 1650 et
361 1592 514 1650 dolendum
529 1602 612 1669 puto;
622 1591 750 1650 ‘dicendi
775 1603 870 1651 autem

88 1692 137 1732 me
165 1692 224 1731 non
252 1683 310 1730 tarn
337 1672 447 1731 tructus
470 1683 499 1730 et
518 1672 608 1750 gloria
634 1691 719 1749 quarn
743 1670 876 1731 studium
973 1686 979 1693 “

87 1753 183 1831 ipsum
198 1752 419 1829 exercitatioque
440 1753 582 1825 delectat;
603 1752 677 1829 quod
699 1753 768 1811 mihi
789 1753 870 1812 nulla

87 1852 135 1892 res
153 1833 254 1910 eripiet
268 1845 296 1892 te
319 1834 474 1910 praesertim
499 1846 555 1894 tam
580 1834 714 1892 studioso.
754 1832 870 1892 Etenim

88 1913 186 1972 dicere
201 1915 273 1972 bene
286 1933 370 1972 nemo
389 1924 488 1990 potest,
514 1913 570 1972 nisi
593 1913 641 1990 qui
661 1914 814 1990 prudenter
828 1913 870 1972 in·

88 1993 199 2072 telligit.
239 1993 340 2056 Quare
353 1995 402 2070 qui
416 1995 583 2070 eloquentiae
598 2013 670 2052 verae
682 1994 732 2071 dat
744 2012 868 2070 operam,

88 2073 139 2132 dat
157 2073 325 2151 prudentie,
338 2093 396 2150 qua
408 2095 445 2132 ne
459 2074 591 2132 maximis
610 2074 725 2151 quidem
743 2075 772 2132 in
787 2074 870 2132 bellis

89 2173 170 2231 aequo
184 2155 280 2213 animo
293 2173 392 2212 carere
408 2154 556 2230 quisquam
576 2165 675 2230 potest.
716 2153 868 2223 Praeclare,
879 2171 905 2212 24

88 2234 215 2311 inquam,
230 2235 328 2307 Brute,
343 2233 424 2306 dicis,
447 2254 536 2310 eoque
561 2234 652 2312 mag-is
676 2234 730 2294 ista
751 2235 872 2292 dicendi·

88 2315 174 2374 lande
194 2314 331 2387 delector,
344 2315 420 2390 quod
434 2325 539 2385 cetera,
554 2334 615 2390 quae
638 2326 704 2373 sunt
723 2315 869 2392 quondam

88 2395 186 2455 habita
212 2395 242 2454 in
269 2396 384 2454 civitate
410 2395 610 2473 pulcherrima,
637 2391 726 2453 nemo'
745 2404 788 2452 est
808 2402 868 2451 tam

87 2475 214 2548 humilis,
228 2476 276 2552 qui
296 2495 327 2534 se
341 2494 399 2533 non
414 2486 463 2534 aut
484 2494 566 2552 posse
588 2474 708 2552 adipisci
732 2483 781 2532 aut
803 2473 869 2530 ade·

86 2565 169 2634 ptum
183 2566 270 2632 putet.
302 2556 492 2631 Eloqueutem
506 2555 651 2614 neminem
662 2555 745 2613 video
759 2553 867 2613 facturn

85 2654 153 2696 esse
166 2635 292 2694 victoria.
327 2636 385 2695 Sed
397 2656 453 2713 quo
466 2636 579 2695 facilius
594 2655 687 2695 sermo
699 2633 867 2711 explicetur,

86 2715 232 2787 sedentes,
245 2714 271 2773 si
283 2717 404 2790 ridetur,
420 2736 545 2795 agamus.
590 2717 666 2776 Cum
680 2714 756 2773 idern
769 2710 867 2793 placu-

87 2797 157 2856 isset
171 2794 238 2867 illis,
251 2806 311 2855 turn
321 2798 351 2856 in
365 2798 476 2876 pratulo
483 2809 595 2880 propter
604 2795 730 2856 Platonis
743 2806 866 2857 statuam

87 2876 278 2938 consedimus.

127 2957 187 3016 Hic
220 2976 283 3034 ego,
317 2956 448 3017 Laudare
482 2959 567 3036 igitur
604 2958 804 3033 eloquentiam,
837 2965 903 3014 etas

86 3051 193 3114 quanta
207 3039 249 3097 vis
263 3037 299 3096 sit
315 3037 385 3115 ejus,
410 3057 584 3117 expromere,
606 3049 796 3114 quantamque
820 3036 865 3109 iis,

85 3117 138 3197 qni
149 3117 209 3178 siut
218 3137 283 3181 sem
296 3120 454 3197 consecuti,
467 3119 643 3202 dignitatern
654 3119 885 3192 alteramque
