1986 3450
150 216 190 280 64
249 214 296 264 ΒΕ
319 213 444 265 CLARIS
468 213 696 273 ORATORIBUS,
712 213 781 264 011².
797 216 836 265 59.

101 364 320 441 aupaedagogi,·
338 375 442 423 matres
469 364 554 422 etiam
581 363 739 441 loquantur.
794 360 933 440 Legimus

151 443 284 519 epistolas
299 443 440 504 Corneliae
462 445 559 503 matris
578 445 793 503 Gracchorum:
815 452 933 519 apparet

151 522 225 582 filios
238 545 294 583 non
309 536 367 583 tam
379 526 408 583 in
423 526 531 604 gremio
544 526 680 583 educatos
691 543 775 602 quam
786 523 816 580 in
828 541 931 580 sermo·

152 622 189 662 ne
204 606 310 663 matris.
338 604 464 665 Auditus
477 616 520 662 est
533 604 615 663 nobis
629 604 734 675 Laeliae,
747 603 780 661 C.
793 601 843 674 F,
858 620 932 679 saepe

152 703 261 743 senno:
283 703 350 762 ergo
365 685 441 744 illam
457 686 544 762 patris
564 685 706 763 elegantia
727 684 848 741 tinctam
863 682 934 741 ridi«

152 782 225 833 mus,
240 774 269 822 et
282 765 355 822 filias
368 765 429 842 ejus
444 764 560 824 Mucias
575 766 681 837 ambas,
705 781 823 841 quarum
839 781 933 822 sermo

153 844 223 902 mihi
250 844 303 902 luit
326 854 419 918 notus,
442 855 471 903 et
496 854 596 923 neptes
620 845 759 916 Licinias,
783 861 854 920 quus
880 861 933 902 nos

152 923 267 999 quidem
293 924 400 997 ambas,
425 926 500 984 hanc
527 944 592 985 vero
617 925 760 1002 Scipionis
780 923 867 982 etiam
891 933 931 996 tu,

153 1003 251 1075 Brute,
263 1005 351 1063 'credo
366 1005 516 1082 aliquando
531 1007 632 1064 audisti
654 1007 823 1085 loquentem.
868 1002 944 1082 Ego*

153 1102 219 1143 vcro
245 1103 279 1143 ac
301 1086 431 1144 lubenter
450 1087 575 1162 quidem,
597 1087 688 1164 inquit
712 1087 834 1156 Brutus;
855 1095 885 1142 et
898 1103 934 1144 eo

103 1179 143 1220 am
152 1163 306 1239 lubentius,
320 1167 394 1245 quod
409 1167 443 1224 L.
458 1166 556 1225 Crassi
569 1179 630 1226 erat
643 1167 709 1225 filia.
750 1165 831 1229 Quid
848 1166 934 1224 Cras·

153 1265 226 1314 sum,
241 1246 367 1324 inquam,
382 1247 461 1306 illurn
476 1267 586 1322 censes,
600 1247 681 1306 istius
695 1246 815 1305 Liciniis
831 1245 933 1318 filium,

154 1325 252 1385 Crassi
268 1338 438 1388 testamento
459 1328 508 1406 qui
530 1329 583 1387 suit
603 1327 772 1405 adoptatusl
813 1327 935 1384 Summo

154 1407 207 1466 iste
231 1409 344 1486 quidem
370 1409 475 1467 dicitur
501 1409 616 1487 ingenio
636 1409 732 1480 luisse,
754 1407 853 1484 inquit.
895 1405 934 1464 Et

154 1506 221 1546 vero
236 1489 283 1546 hio
297 1489 395 1566 Scipio
409 1490 519 1567 collega
533 1509 612 1548 meus
636 1489 705 1546 mihi
729 1506 800 1546 sane
816 1487 891 1545 bene
904 1497 934 1545 et

154 1567 230 1644 loqui
244 1569 354 1627 videtur
367 1581 396 1627 et
409 1570 513 1627 dicere.
551 1569 655 1638 Recte,
670 1569 795 1645 inquam,
806 1567 933 1644 judicas,

154 1647 251 1706 Brute.
293 1648 406 1706 Etenim
421 1650 501 1708 istius
514 1669 606 1728 genus
626 1661 669 1707 est
693 1668 727 1706 ex
752 1648 841 1724 ipsius
861 1647 935 1725 sapi·

154 1727 238 1786 entiae
250 1727 335 1805 stirpe
349 1740 525 1806 generatum.
566 1729 643 1788 Nam
657 1728 734 1787 etde
748 1728 860 1786 duobus
874 1727 934 1786 avis

151 1806 210 1885 jam
239 1807 362 1880 diximus
385 1810 520 1886 Scipione
543 1820 571 1867 et
590 1812 761 1885 Crassopet
782 1809 818 1865 de
842 1807 935 1866 tribus

154 1887 264 1963 proavis
278 1888 317 1951 Q.
333 1887 461 1960 Metelle,
480 1888 562 1965 cujus
575 1901 697 1966 quatuor
718 1888 778 1959 filii,
793 1888 826 1946 P.
842 1888 936 1966 Scipi·

154 1985 220 2038 one,
234 1966 281 2044 qui
306 1987 342 2025 ex
363 1969 508 2026 dominatu
533 1969 581 2028 Ti.
605 1969 732 2027 Gracchi
756 1968 881 2045 privatus
905 1969 934 2027 in

154 2045 314 2105 libertatem
336 2067 395 2106 rem
418 2048 562 2125 publicam
573 2048 737 2121 vindicavit,
747 2048 787 2111 Q.
804 2049 936 2108 Scaevola

156 2144 272 2204 augure,
287 2127 335 2203 qui
349 2128 535 2205 peritissimus
552 2129 624 2206 juris
643 2130 774 2206 idemque
793 2129 936 2205 percomis

104 2225 144 2266 21³
155 2219 198 2266 est
213 2207 334 2265 babitus.
376 2211 442 2268 Jam
465 2210 584 2268 duorum
607 2210 758 2267 abavorum
780 2228 865 2285 quam
889 2219 936 2267 est

155 2286 263 2346 illustre
277 2306 392 2360 nomen,
406 2289 437 2347 P.
454 2289 609 2367 Scipionis,
623 2289 671 2366 qui
691 2289 734 2347 bis
755 2288 855 2347 consul
869 2289 935 2360 iirit,

155 2368 203 2446 qui
217 2379 260 2426 est
274 2369 429 2427 Corculum
443 2369 545 2444 dictus,
571 2370 686 2428 alterius
709 2369 837 2428 omnium
860 2371 936 2447 sapi·

155 2448 306 2520 entissimi,
321 2448 355 2506 Ο.
373 2448 474 2508 Laeliil
496 2449 524 2508 Ο
547 2468 724 2528 generosam,
748 2449 849 2526 inquit,
871 2450 936 2508 stir-

154 2541 263 2606 pemet
275 2540 419 2605 tamquam
434 2530 462 2588 in
479 2548 563 2589 unam
580 2531 706 2588 arborem
727 2529 808 2605 plura
827 2548 936 2609 genera

156 2609 199 2666 sio
226 2609 255 2668 in
283 2610 365 2668 istam
392 2611 506 2668 domum
536 2611 685 2668 multorum
713 2610 826 2668 insitam
850 2621 935 2686 atque

156 2686 364 2761 illuminatam*
395 2690 579 2766 sapientiam!
621 2689 700 2749 LIX.
724 2691 860 2749 Similiter
883 2691 937 2766 igi·

156 2776 201 2825 tur
216 2771 352 2847 suspicor,
367 2780 398 2828 ut
411 2771 591 2828 conferamus
603 2788 691 2846 parva
715 2771 836 2848 magnis,
852 2769 936 2829 Curi·

156 2847 228 2919 ouis,
243 2851 296 2908 etsi
310 2850 433 2929 pupillus
444 2850 561 2909 relictus
574 2861 627 2920 est,
651 2851 742 2927 patrio
756 2851 842 2909 fuisse
857 2850 938 2908 insti·

187 3045 201 3069 ⁹
217 3043 283 3092 Text
300 3053 410 3110 corrupt3
433 3046 606 3105 diminutum,
623 3048 684 3110 conj.
698 3047 814 3109 Lambin;
834 3048 936 3097 illatum

155 3109 198 3157 vel
208 3106 347 3173 illigatum,
359 3111 421 3176 conj.
434 3111 538 3160 Ernesti.
