1986 3450
152 215 199 265 nn
221 212 347 267 cannis
359 202 601 276 'onnronmus
618 216 686 265 cis.
704 216 742 264 aa.
803 215 842 275 25

58 360 153 419 cedes
171 373 246 420 esset
249 363 387 439 ,notique
407 339 537 421 homines
557 353 731 432 interfecti,¹
725 361 843 424 insimu-

58 439 218 530 lareturque
233 444 351 536 familia,
365 444 467 520 partim
494 444 579 501 etiam
600 442 683 499 liberi
697 441 841 499 societatis

39 520 129 596 'ejus
151 543 213 598 quae
236 524 360 601 picarias
380 524 472 582 '.deP
488 517 676 586 CornelioL.
701 522 842 580 Mummio

58 603 227 665 censoribus
253 604 430 679 redemisset,
453 604 614 663 decrevisse
642 613 785 672 senatum,
811 611 840 659 ut

58 680 95 738 de
117 701 152 740 ea
177 703 207 741 re
230 695 437 761 cognoscerent
458 694 492 741 et
512 693 669 742 statuerent
696 647 840 740 consdles.

57 760 197 820 Causam
201 784 252 840 pro
265 764 426 841 publicanis
441 777 586 836 accurate,
601 774 633 822 ut
653 782 763 840 semper
778 761 842 826 soli·
852 773 877 814 sa

57 846 104 899 tus
126 855 211 915 esset,
233 846 432 922 eleganterque
459 845 567 902 dixisse
594 844 724 906 Laelium.
765 844 841 901 Cum'

57 923 194 980 consules
208 942 238 982 re
252 926 348 983 audita
361 925 482 1016 unaplius
505 927 541 982 de
566 924 677 982 consilii
700 920 842 981 sententia

56 1004 328 1079 pronuntiarissent,
350 1005 451 1082 paucis
469 1005 646 1081 interpositis
670 1003 771 1062 diebus
790 1003 842 1062 lte·

56 1102 130 1141 rum
125 1082 256 1143 Laelium
271 1086 360 1143 multo
370 1083 540 1163 diligentius
554 1085 711 1160 meliusque
725 1085 840 1156 dixisse,

57 1163 215 1240 iterumque
236 1165 337 1224 eodem
366 1167 450 1224 modo
472 1185 488 1222 a
510 1166 675 1223 consulibus
696 1182 756 1221 rem
778 1183 841 1222 esse
883 1176 885 1185 ’

56 1244 203 1320 prolatam.
241 1247 321 1304 Tum
336 1247 467 1318 Laelium,
483 1265 549 1304 cum
561 1265 627 1303 eum
642 1246 712 1305 socii
704 1244 841 1301 domum

57 1325 236 1383 reduxissent
257 1327 440 1404 egissentque
460 1326 584 1406 gratias,
595 1335 633 1396 et,
648 1344 685 1381 ne
706 1323 843 1400 defatiga-

57 1414 145 1496 retur,
163 1407 331 1478 oravissent,
352 1407 480 1465 locutum
501 1425 565 1462 esse
586 1405 644 1462 ita:
666 1422 696 1460 se
699 1422 783 1479 ,quae
805 1402 843 1462 sc·

58 1484 154 1556 cisset,
166 1486 280 1544 honoris
294 1505 393 1544 eorum
408 1500 497 1543 causa
511 1483 619 1542 stadios
607 1490 637 1541 se
653 1496 842 1558 accurateque

57 1564 179 1635 fecisse3
201 1566 251 1623 sed
279 1584 310 1623 se
333 1559 466 1623 arbitrari
491 1583 607 1623 causam
636 1563 722 1621 illam·
741 1564 841 1621 aSer

56 1644 163 1716 Galba,
190 1645 298 1718 quod
292 1664 316 1702 rs
345 1645 376 1702 in
403 1645 528 1709 dicendo
555 1644 666 1723 gravior
695 1643 842 1726 acriorque

55 1735 145 1796 esset,
172 1724 286 1801 gravius
312 1735 342 1782 et
368 1725 582 1787 vehementius
598 1741 697 1802 posse
714 1721 840 1785 defendi

56 1770 160 1880 ltaqrie
183 1805 351 1863 auctoritate
373 1804 407 1866 C.
434 1804 516 1865 Laelii
537 1806 705 1884 publicanos
724 1815 850 1864 causam

57 1885 194 1944 detulisse
209 1887 245 1944 ad
258 1886 388 1946 Galbam.
431 1886 516 1945 Illum
531 1896 637 1958 autem,
651 1886 766 1962 quod
741 1905 767 1944 er
781 1885 841 1944 viro
852 1900 878 1941 sr

58 1966 274 2024 succedendum
288 1978 373 2039 esset,
388 1968 551 2025 verecunde
571 1976 600 2024 et
620 1967 785 2024 dubitanter
798 1985 842 2024 re·

58 2047 176 2123 cepisse.
218 2046 315 2105 Unum
328 2047 410 2123 quasi
430 2047 701 2123 comperendinatus
715 2046 842 2105 medium

58 2127 134 2184 diem
147 2127 243 2199 luisse,
254 2146 338 2203 quem
353 2137 443 2186 totum
454 2127 578 2185 Galbam
592 2126 621 2184 in
634 2127 843 2185 consideranda

58 2226 147 2266 causa
161 2208 414 2300 componendaque
434 2208 582 2285 posuisse.
604 2219 722 2266 etcum
744 2207 843 2285 cogni-

58 2287 143 2345 tionis
156 2289 218 2347 dies
232 2298 316 2359 esset,
328 2299 356 2346 et
371 2289 431 2365 ipse
445 2289 574 2356 Rutilius
587 2299 687 2376 rogatu
699 2289 842 2365 sociorum

57 2368 173 2426 domum
189 2369 224 2426 ad
238 2368 361 2438 Galbam
375 2387 460 2427 mane
474 2369 607 2440 venisset,
621 2379 653 2427 ut
666 2387 734 2426 eum
748 2367 842 2424 admo-

57 2459 149 2520 neret,
171 2458 214 2507 et
227 2449 262 2506 ad
290 2449 409 2508 dicendi
435 2459 547 2525 tempus
569 2414 733 2518 adduceret,
752 2463 842 2520 usque

58 2528 149 2600 illum,
164 2529 295 2604 quoad
270 2548 297 2587 er
312 2530 474 2588 nuntiatum
488 2539 564 2588 esset
577 2529 709 2588 consules
723 2493 842 2584 descen·

56 2610 145 2678 disse,
156 2608 288 2667 omnibus
300 2611 428 2669 exclusis
442 2620 665 2668 commentatum
679 2608 708 2665 in
719 2606 842 2682 quadam
878 2610 881 2614 ’

56 2688 204 2748 testudine
219 2707 284 2746 cum
297 2691 385 2750 servis
401 2690 520 2749 literatis
546 2690 642 2761 luisse,
657 2706 776 2763 quorum
792 2685 840 2747 alii

58 2768 137 2828 aliud
152 2768 260 2826 dictare
274 2771 373 2830 eodem
387 2782 513 2848 tempore
526 2771 626 2829 solitus
639 2777 723 2825 esset.
764 2767 842 2828 Inte·

57 2850 112 2908 rim
127 2868 194 2908 cum
209 2859 284 2907 esset
297 2851 323 2907 ei
337 2851 499 2909 nuntiatum
522 2862 634 2927 tempus
659 2866 731 2921 esse,
747 2851 840 2908 exisse

59 2930 89 2988 in
104 2930 181 2989 aedes
195 2949 230 2988 eo
245 2929 338 2989 colore
352 2941 381 2989 et
394 2932 428 2990 iis
442 2931 544 3003 oculis,
560 2940 591 2988 ut
614 2927 707 3005 egisse
722 2947 840 2989 causam

58 3029 117 3069 non
131 3020 354 3070 commentatum
367 3023 489 3088 putares.
532 3009 667 3068 Addebat
688 3011 784 3083 etiarn,
799 3007 841 3065 id·
851 3021 877 3061 sa

56 3109 114 3166 que
142 3093 177 3150 ad
204 3110 264 3151 rem
291 3091 433 3232 pertinere
459 3091 578 3172 putabat
604 3090 759 3172 scriptores
777 3086 851 3146 illos
