1986 3450
189 226 236 275 DE
258 225 396 276 CLARIS.
407 225 638 287 ORATORIBUS,
653 226 723 276 eia.
739 226 778 274 ts.
837 227 887 287 81-

95 369 150 427 dus
173 382 216 430 est
239 392 333 432 sermo
356 382 385 431 et
408 373 576 431 adhibenda
592 384 736 450 tamquam
758 371 877 429 obrussa

95 452 177 523 ratio,
191 473 253 528 quae
269 454 372 511 mutari
382 473 443 517 ¹non
458 464 560 530 potest,
574 473 629 511 nec
653 451 790 511 utendum
814 471 877 527 pra·

95 531 210 590 tissima
238 534 454 602 consuetudinis
478 536 584 611 regula.
626 532 663 591 T.
691 533 926 610 Flamioiqumstsa

94 613 223 684 quicum
245 614 285 675 Q.
303 613 420 672 Metello
441 615 548 672 consul,
562 615 624 684 suit,
640 615 720 691 pueri
746 613 876 669 vidimus,

95 693 320 752 Existimabatur
337 696 409 751 bene
424 694 536 768 Latine,
547 696 596 752 sed
608 694 705 752 literas
719 693 876 752 nesciebat.

95 773 217 832 Catulus
239 787 300 832 erat
314 774 360 831 illa
378 775 492 851 quidem
518 777 635 835 minime
659 776 800 845 indoctus,
816 783 877 830 uta

94 865 123 911 te
145 856 240 930 paullo
260 851 383 912 estante
408 856 537 924 dicturn3
559 857 608 913 sed
631 867 726 915 tamen
752 854 877 914 suavitas

93 936 175 991 vocis
188 946 217 992 et
230 935 302 992 lenis
316 935 465 1011 appellatio
479 937 631 1008 literarum·
650 937 722 996 bene
742 932 877 1012 loquendi

95 1013 206 1073 famam
229 1016 406 1081 confecerat..
440 1020 535 1088 Cotta,
558 1017 624 1093 quia
646 1037 676 1074 se
702 1016 877 1085 ualde‘dila·

93 1095 189 1152 tandis
203 1096 291 1153 literis
305 1116 321 1154 a
334 1097 521 1154 similitudine
539 1099 649 1156 Graecae
664 1097 815 1155 locutionis
824 1097 877 1152 ab·

94 1184 242 1247 struxerat,
268 1177 448 1252 sonabatque
466 1179 640 1235 contrarium
666 1176 877 1248 Catulo,'suba·

94 1269 188 1331 greste
202 1258 346 1332 quiddam‘
356 1258 496 1334 planeque
519 1254 794 1326 subrusticumalia
817 1256 878 1330 qui&

95 1335 159 1392 dem
186 1338 267 1413 quasi
292 1338 402 1395 inculta
425 1348 454 1394 et
481 1337 604 1394 silvestri
624 1336 670 1414 aia
695 1337 730 1394 ad
755 1338 877 1413 eandem

94 1413 206 1474 laudern
223 1427 397 1493 pervenerat.
430 1417 558 1474 Sisenna
568 1428 673 1487 autem,
687 1417 768 1492 quasi
782 1434 878 1473 emen-

95 1496 175 1554 dator
198 1498 336 1554 sermonis
362 1497 457 1563 usitati
480 1516 546 1554 eum
571 1517 633 1554 esse
649 1497 741 1566 vellet,
757 1516 793 1554 ne
811 1516 827 1554 a
842 1498 876 1555 C.

95 1575 190 1634 Rusio
213 1578 328 1651 quidem
353 1589 519 1633 accusatore
542 1578 677 1635 deterreri
700 1579 800 1653 potnit,
823 1596 878 1652 quo

93 1656 195 1714 minus,
206 1656 348 1713 inusitatis
363 1657 455 1713 verbis
470 1669 602 1718 uteretur.
636 1657 787 1720 Quidnam
802 1657 877 1714 istuc
887 1675 926 1714 sco

92 1737 158 1793 esti
180 1736 270 1811 inquit
284 1736 405 1793 Brutus:
428 1749 476 1793 aut
489 1737 552 1812 quis
566 1751 609 1795 est
629 1738 682 1795 iste
697 1734 730 1797 C.
746 1737 876 1797 Ruslusl
919 1804 920 1809 ἵ

93 1818 134 1876 Et
156 1815 212 1885 ille,
228 1815 295 1874 Fuit
318 1828 475 1887 accusator,-
494 1819 594 1894 inquit,
609 1828 698 1888 vetus,
712 1838 768 1894 quo
793 1839 878 1876 accu-

94 1911 176 1954 sante
192 1898 228 1971 Ο.1
243 1897 384 1954 Rutilium
400 1897 523 1968 Sisenna
547 1899 705 1965 defendens
719 1899 790 1969 dixit
802 1919 878 1976 quar·

95 1977 160 2034 dam
179 1976 249 2053 ejus
275 1978 444 2053 sputatiliea
471 1997 533 2036 esse
569 1980 700 2036 crimina.
750 1974 875 2040 LXXV.

94 2058 173 2116 Tum
198 2059 232 2117 C.
249 2057 368 2129 Rusius‚
393 2057 614 2130 Oirnnmveninr,
635 2058 736 2135 inquit,
749 2060 877 2136 jndices,

98 2139 156 2195 nisi
169 2139 332 2196 subvenitis.
366 2137 491 2196 Sisenna
504 2140 576 2214 quid
588 2141 677 2210 disat,
692 2141 804 2198 nescio}
816 2160 877 2198 one·

96 2226 144 2275 tuo
157 2219 288 2276 insidias.
323 2218 522 2294 Sprttatilica!
544 2220 668 2295 quidest
683 2221 759 2278 noc?
781 2221 878 2297 Spntn

95 2299 166 2376 quid
175 2300 224 2370 sit,
238 2300 316 2364 πίω·
335 2299 420 2356 tilica
434 2299 534 2355 nescio.
577 2298 698 2369 Maximi
712 2301 804 2358 risus:
826 2298 876 2356 sed

96 2379 145 2438 ille
166 2391 260 2437 tarnen
285 2378 431 2436 familiaris
454 2397 535 2435 meus
555 2392 634 2438 recte
659 2380 734 2457 loqui
759 2379 878 2455 putabat

94 2479 157 2518 essa
189 2459 322 2517 inusitate
349 2459 434 2534 loqui.
486 2457 587 2517 Caesar
615 2472 709 2519 autem
737 2460 926 2516 rationemnat

95 2541 236 2599 adhibens
258 2539 493 2598 consuetudinem
516 2539 645 2606 vitiosam
665 2552 694 2598 et
716 2553 877 2615 corruptam

94 2633 209 2698 purast
223 2620 386 2698 incorrupta
404 2619 612 2678 consuetudine
636 2621 780 2678 emendat.
822 2618 878 2678 lta-

93 2720 151 2777 que
164 2720 230 2761 cum
246 2702 281 2758 ad
298 2703 378 2759 hanc
396 2699 568 2776 elegantiam
593 2702 741 2760 verborum
762 2699 878 2761 Latino·

94 2800 157 2840 rum
174 2782 260 2858 (quae,
273 2782 383 2838 etiamsi
397 2793 490 2840 orator
504 2799 561 2838 non
575 2781 624 2853 sis,
639 2791 667 2838 et
682 2780 720 2836 sis
734 2780 877 2856 ingenuus

95 2862 166 2920 ciris
191 2861 351 2931 Romanus,
366 2872 461 2920 tamen
485 2862 650 2919 necessaria
675 2862 731 2939 est)
748 2860 878 2938 adjungit

95 2943 143 3003 illa
156 2942 279 3000 oratoria
293 2952 460 3000 ornamenta
474 2941 600 3010 dicendi,
613 2955 673 2998 tum
687 2941 795 2999 videtur
804 2953 878 2998 tam·

94 3042 179 3099 quam
195 3022 306 3080 tabulas
321 3023 394 3079 benc
406 3022 498 3099 pictas
523 3021 665 3078 collocare
687 3020 716 3079 iu
743 3024 816 3080 bono
836 3021 878 3077 lu·

95 3105 182 3162 mine.
223 3102 312 3162 Hanc
339 3120 405 3161 cum
429 3101 535 3162 habeat
560 3101 734 3180 precipuam
762 3101 879 3160 laudem
