1986 3450
137 247 174 305 13
210 244 257 292 ns
273 243 398 292 custus
417 240 647 299 onuaomaus,
663 243 731 290 οη.
750 244 842 291 rc-n.

136 390 203 468 ipsis
218 398 283 446 aute
296 408 343 447 me
362 389 515 447 consulem.
557 387 641 446 XVI.
656 387 722 446 Nec
735 406 802 447 vero
824 390 917 449 habeo

135 488 305 547 quemquam
334 469 529 545 antiquiorem,
558 469 640 545 cujus
662 469 782 544 ¹quidem
810 471 916 547 scripta

135 550 303 626 proferenda
316 560 423 626 putem,
438 550 493 607 nisi
513 551 598 624 quem
613 550 701 625 Appii
723 549 803 608 Caeci
825 551 917 609 oratio

135 630 197 690 haec
212 631 271 707 ipsa
285 631 321 686 de
334 631 443 706 Pytrlto
456 641 485 687 et
503 629 646 688 nonnullae
671 641 842 688 mortuorum
858 630 918 688 lau·

98 727 125 767 oa
135 711 264 769 dationes
289 709 359 766 sorte
378 710 529 767 delectant.
571 709 618 776 Et,
634 710 774 781 hercules,
789 711 843 768 hae
856 712 918 786 qui-

135 792 201 850 dem
215 799 344 848 exstant:
368 790 433 866 ipsae
447 790 524 847 enim
538 790 651 849 samiliae
676 809 728 847 sua
741 791 821 866 quasi
834 810 918 867 orna·

135 882 233 930 menta
255 889 289 927 ac
311 874 496 928 monumenta
516 870 668 928 servabant
691 881 719 927 et
735 871 769 928 ad
786 890 877 938 usum,
892 871 918 929 si

135 951 198 1028 quis
211 949 339 1026 ejusdem
353 951 465 1028 generis
478 950 640 1021 occidisset,
654 960 683 1007 et
702 950 737 1007 ad
752 951 918 1009 memoriam
954 1000 958 1010 .

134 1030 252 1089 laudum
267 1031 487 1089 domesticarum
501 1042 530 1088 et
549 1032 584 1088 ad
607 1031 803 1093 illustrandam
818 1031 918 1089 nobili·

134 1119 223 1169 tatem
238 1129 327 1169 suam.
355 1110 539 1187 Quamquam
555 1111 599 1170 his
612 1111 823 1169 laudationibus
833 1112 919 1169 histo-

135 1191 179 1250 ria
194 1210 288 1249 rerum
302 1203 461 1269 nostrarum
475 1202 517 1249 est
532 1191 607 1249 lacta
621 1184 789 1248 mendosicr.
826 1189 919 1249 Multa

135 1271 212 1330 enim
226 1271 332 1350 scripta
346 1282 412 1329 sunt
426 1272 455 1329 in
469 1271 520 1343 eis',
531 1292 594 1347 quae
608 1273 685 1328 facta
696 1290 752 1329 non
767 1280 842 1343 sunt,
855 1271 917 1329 falsi

134 1351 390 1429 triumphi„plures
415 1346 590 1423 consulatus,
605 1351 712 1429 genera
733 1351 820 1409 etiam
846 1351 917 1410 salsa

134 1442 164 1490 et
178 1451 195 1490 a
208 1432 290 1508 plebe
310 1433 500 1507 transitiones,
516 1451 581 1489 cum
603 1432 732 1497 homines
753 1431 917 1490 humiliores

135 1511 165 1570 iu
184 1512 309 1583 alienum
333 1512 461 1589 ejusdem
485 1512 608 1570 nominis
622 1503 845 1570 'infunderentur
869 1531 926 1589 ges

134 1611 207 1662 nus;
229 1602 270 1663 ut,
283 1592 310 1661 si
332 1611 386 1669 ego
411 1612 456 1651 me
471 1612 488 1650 a
503 1592 555 1648 Μ’.
570 1591 668 1650 Tullio
692 1611 754 1664 esse
779 1592 915 1665 dicerem,

134 1673 332 1749 quipatricius
352 1691 417 1730 cum
443 1672 542 1735 Servio
566 1672 695 1748 Sulpicio
719 1673 817 1730 consul
842 1692 917 1731 anno

98 1767 125 1808 oa
135 1751 247 1809 decimo
261 1760 324 1829 post
337 1763 455 1810 exactos
469 1772 551 1829 reges
575 1752 636 1810 suit.
678 1753 798 1811 Catonis
822 1760 917 1811 autem

134 1831 276 1890 orationes
287 1851 343 1888 non
359 1832 453 1890 minus
467 1832 561 1891 multae
577 1831 635 1889 fere
649 1842 715 1890 sunt
728 1851 812 1909 quam
824 1833 917 1891 Attici

135 1909 238 1987 Lysiae,
253 1911 334 1986 cujus
354 1912 471 1969 arbitror
492 1912 628 1988 plurimas
652 1932 723 1971 esse.
765 1914 818 1972 Est
838 1913 917 1970 enirn

104 2029 108 2035 ‚
135 1990 261 2064 Atticus,
276 1991 408 2066 quoniam
428 2003 506 2065 certe
520 1993 642 2051 Athenis
664 2002 757 2050 estet
779 2002 863 2053 natus
888 2002 919 2051 et
966 2014 968 2021 ¹

45 2114 48 2119 <
135 2081 265 2129 mortuus
279 2079 308 2128 et
323 2071 437 2130 functus
451 2073 530 2130 omni
551 2072 657 2135 civium
678 2092 807 2145 munere,
820 2091 919 2149 quam·

134 2169 219 2228 quam
234 2151 363 2211 Timaeus
384 2171 451 2210 eum
464 2153 545 2229 quasi
569 2152 686 2211 Licinia
697 2163 727 2211 et
739 2152 840 2212 Mucia
853 2153 918 2230 lege

134 2230 237 2308 repetit
261 2232 427 2308 Syracusas.
469 2233 507 2290 Et
527 2233 649 2310 quodam
674 2234 758 2291 modo
773 2244 824 2292 ¹est
847 2253 918 2290 nou·

135 2311 214 2370 nulla
227 2311 256 2370 in
271 2312 315 2369 his
337 2313 423 2371 etiam
448 2313 522 2371 inter
547 2313 621 2390 ipsos
642 2314 816 2372 similitudo:
838 2314 917 2371 acuti

135 2403 202 2451 sunt
216 2391 362 2470 elegantes
376 2393 462 2451 faceti
476 2394 592 2465 breves3
614 2395 664 2452 sed
686 2394 733 2452 ille
746 2394 866 2452 Graecus
881 2395 917 2452 ab

97 2488 124 2528 ct
134 2473 211 2532 omni
225 2472 310 2531 laude
325 2473 444 2532 felicior.
479 2475 584 2542 ,Habet
597 2475 674 2532 enim
695 2484 788 2532 certos
801 2474 846 2531 sui
860 2484 917 2532 stu·

133 2551 236 2626 diosos,
247 2554 296 2629 qui
310 2573 367 2612 non
381 2563 438 2611 tam
450 2554 564 2612 habitus
574 2554 699 2632 corporis
709 2554 818 2630 opimos
831 2573 916 2630 quam

134 2633 309 2709 gracilitates
336 2644 547 2707 consectentur,
568 2653 648 2711 quos,
672 2635 805 2693 valetudo
832 2635 917 2692 modo

135 2709 210 2773 bona
223 2713 268 2786 sit,
283 2715 408 2773 tenuitas
422 2714 484 2790 ipsa
505 2715 637 2773 delectat.
679 2713 864 2790 Quamquam
887 2715 917 2772 in

135 2788 222 2867 Lysia
237 2812 311 2871 saepe
326 2804 392 2853 sunt
413 2794 500 2852 etiam
522 2795 631 2866 lacerti,
646 2794 689 2852 sic
710 2806 743 2853 ut
764 2795 824 2852 fieri
843 2792 914 2852 nihil

133 2870 222 2951 possit
244 2874 392 2934 valentius.
434 2874 542 2932 Verum
569 2884 613 2932 est
633 2885 710 2933 certe
731 2894 836 2953 genere
856 2883 916 2932 toto

134 2949 300 3031 strigosior;
321 2956 371 3013 sed
385 2954 471 3014 habet
484 2964 581 3012 tamen
604 2974 668 3012 suos
681 2956 852 3026 laudatores,
866 2955 917 3031 qui

134 3031 191 3089 hac
218 3032 280 3109 ipsa
305 3034 367 3110 ejus
398 3033 554 3094 subtilitate
582 3035 734 3094 admodum
760 3029 914 3113 gaudeant.

95 3109 237 3174 nxvlt.
247 3108 399 3174 ‘Catonem
411 3134 478 3176 vero
490 3115 554 3194 quis
576 3125 736 3178 nostrorum
759 3125 915 3190 oratorum,
