1986 3450
199 325 246 374 ou
268 323 394 374 crenis
416 284 646 382 oenomaus,
663 323 731 372 cus.
748 326 788 372 ao.
845 325 886 386 55

101 477 151 527 tuo
161 469 272 546 judicio
286 481 350 528 tum
363 469 491 529 omnium
504 471 516 528 l
557 470 715 547 Semperne
730 471 759 528 in
773 481 885 531 oratore

78 616 80 621 ¹
100 550 250 626 probando
273 560 321 608 aut
345 550 528 626 improbando
555 550 630 628 vulgi
652 551 793 627 judicium
818 571 884 610 cum

102 628 324 709 intelligentium
348 630 457 708 judicio
481 631 633 707 congruit?
674 633 722 689 An
751 632 799 690 alii
823 652 885 709 pro-

102 709 206 769 bantur
222 732 239 769 a
254 711 443 781 multitudiue,
460 710 506 767 alii
523 704 616 768 aulem
633 711 667 768 ab
683 713 727 783 iis,
742 713 790 788 qui
805 712 884 769 intel·

100 788 215 867 liguntl
256 792 350 849 Recte
377 791 504 867 requiris,
534 791 658 866 inquam,
686 793 805 850 Attice:
834 793 884 850 sed

101 871 203 927 audies
217 891 253 928 ex
267 891 311 928 me
325 871 452 942 sortasse,
468 871 540 946 quod
563 891 621 928 nou
643 891 740 930 omues
754 872 882 949 probent.

101 951 153 1008 An
177 962 218 1022 tu,
233 951 332 1028 inquit,
347 951 375 1009 id
399 952 520 1022 laboras,
545 951 568 1008 si
593 948 661 1009 huic
686 954 769 1011 modo
795 953 884 1011 Bruto
895 970 934 1010 184

98 1031 270 1107 probaturus
289 1033 339 1090 esl
380 1032 480 1103 Plane,
495 1032 620 1107 inquam,
636 1033 743 1104 Attice,
758 1033 884 1109 disputa-

98 1111 207 1169 tionem
221 1113 296 1170 banc
310 1113 346 1170 de
359 1127 470 1170 oratore
484 1113 630 1188 probando
653 1123 701 1170 aut
723 1113 885 1188 improbau-

99 1191 139 1249 do
153 1193 240 1250 multo
255 1193 350 1250 malim
365 1193 416 1250 tibi
441 1202 469 1248 et
491 1193 579 1250 Bruto
598 1192 730 1268 placere:
752 1193 885 1267 eloquen-

98 1271 169 1328 tiam
185 1285 279 1330 autem
295 1292 386 1330 meam
401 1272 504 1349 populo
517 1272 631 1348 probari
645 1271 738 1328 velim.
767 1271 883 1333 Etenim

100 1370 219 1410 necesse
233 1363 285 1424 est,
300 1353 348 1429 qui
364 1353 402 1409 ita
425 1353 512 1422 dicat,
528 1362 558 1408 ut
582 1369 598 1407 a
621 1348 803 1409 multitudine
823 1371 884 1428 pro·

101 1431 192 1504 betur,
217 1433 341 1490 eundem
368 1430 460 1489 doctis
487 1431 608 1508 probari.
660 1430 737 1488 Nam
764 1430 831 1506 quid
854 1431 885 1488 iu

98 1512 225 1570 diceudo
240 1522 349 1569 rectum
364 1513 400 1568 sit
415 1523 463 1568 aut
483 1529 611 1587 pravum,
625 1530 679 1588 ego
700 1511 844 1589 judicabo,
860 1512 884 1570 si

99 1593 185 1648 modo
200 1593 224 1648 is
238 1610 310 1662 sum,
324 1591 373 1667 qui
387 1591 415 1648 id
431 1591 534 1666 possim
558 1601 607 1648 aut
626 1591 716 1649 sciam
735 1591 884 1668 judicare:
929 1649 934 1662 ,

96 1671 194 1746 qualis
216 1690 281 1728 vero
303 1671 338 1727 sit
361 1683 464 1741 orator,
489 1691 524 1729 ex
548 1691 592 1742 eo,
614 1673 688 1746 quod
714 1671 737 1729 is
761 1671 888 1730 dicendo

97 1750 216 1822 efficiet,
244 1750 347 1828 poterit
373 1751 500 1830 intelligi.
543 1751 616 1809 'Pria
643 1763 709 1809 suut
737 1751 823 1824 enim,
852 1763 883 1811 ut
895 1769 935 1810 ies

95 1831 215 1907 quidem
229 1851 284 1908 ego
297 1831 397 1902 sentio,
411 1852 473 1909 quae
488 1832 545 1890 siut
570 1831 721 1899 efficienda
743 1833 884 1891 dicendo:

97 1922 131 1969 ut
145 1912 280 1970 doceatur
295 1912 328 1984 is,
344 1913 417 1988 apud
432 1932 516 1988 qoem
531 1912 658 1985 dicetur,
669 1923 700 1971 ut
714 1913 882 1986 delectetur,

96 2003 130 2049 ut
157 2003 301 2050 moveatur
326 1993 532 2051 vehementius.
587 1992 704 2055 Quibus
731 1994 885 2052 virtutibus

92 2072 217 2130 oratoris
245 2074 345 2130 horum
372 2073 496 2149 quidque
524 2073 675 2145 officiatur,
705 2083 753 2132 aut
778 2074 884 2151 quibus

97 2151 173 2209 vitiis
186 2164 279 2211 orator
295 2163 343 2211 aut
359 2172 416 2210 non
444 2155 609 2229 assequatur
634 2155 707 2226 haec,
722 2163 770 2212 aut
794 2153 882 2212 etiam

98 2230 128 2288 in
144 2231 188 2288 his
202 2232 312 2290 labatur
326 2244 354 2289 et
374 2234 469 2305 cadat,
485 2233 586 2291 artifex
608 2234 708 2311 aliquis
730 2234 882 2310 judicabit.

95 2310 246 2371 Efficiatur
276 2323 371 2370 autem
399 2313 435 2370 ab
461 2324 572 2371 oratore
599 2334 703 2385 necne,
726 2324 757 2372 ut
779 2313 810 2384 ii,
834 2313 885 2387 qui

95 2392 227 2464 audiunt,
242 2393 282 2451 ita
307 2393 477 2464 afficiantur,
493 2404 523 2450 ut
545 2406 637 2453 orator
652 2396 728 2466 velit,
743 2391 821 2470 vulgi
842 2411 885 2449 as-

92 2491 183 2530 sensu
209 2483 238 2530 et
264 2473 393 2549 populari
422 2474 623 2550 approbatione
648 2473 773 2552 judicari
801 2472 882 2531 solet.

95 2550 197 2629 Itaque
211 2572 357 2630 nunquam
372 2555 408 2612 de
428 2555 503 2612 bono
523 2566 634 2614 oratore
660 2564 708 2612 aut
732 2571 789 2610 uon
809 2552 884 2613 bono

96 2631 188 2690 doctis
221 2632 383 2692 hominibus
413 2654 478 2692 cum
512 2636 615 2712 populo
648 2632 789 2692 dissensio
821 2634 883 2694 tuit.

95 2709 131 2769 L.
148 2714 196 2770 An
212 2732 322 2784 censes,
335 2716 401 2772 dum
418 2715 458 2773 illi
473 2714 635 2793 viguerunt,
647 2733 718 2790 quos
732 2724 798 2772 ante
813 2715 934 2789 diri,1sa

94 2810 153 2850 non
178 2793 294 2851 eosdem
321 2796 426 2871 gradus
453 2807 596 2855 oratorum
619 2794 696 2870 vulgi
721 2793 831 2871 judicio
856 2807 885 2854 et

93 2872 243 2931 doctorum
258 2873 366 2933 fuisset
407 2875 452 2934 De
465 2877 570 2953 populo
594 2876 725 2952 siquem
749 2877 887 2957 italroga-

93 2952 199 3011 risses:
226 2953 302 3021 Quis
316 2956 401 3011 estin
415 2957 468 3013 ltus
483 2959 599 3015 civitate
615 2956 884 3032 eloquentissimus?

94 3031 124 3090 iu
152 3034 281 3091 Antonio
306 3043 334 3091 et
356 3035 460 3094 Crasso
485 3049 534 3095 aut
558 3036 711 3108 dubitaret,
739 3047 787 3094 aut
806 3035 885 3094 hunc

93 3113 177 3184 alius,
193 3113 272 3171 illum
298 3114 370 3172 alius
392 3115 511 3175 diceret.
552 3115 690 3177 Nemone
710 3116 904 3190 libidinosis,

47 3211 52 3224 ·
92 3201 151 3248 tam
164 3213 280 3253 suarem
295 3208 452 3273 oratorem,
467 3211 531 3260 tum
552 3220 690 3282 grauem,
701 3209 771 3256 tam
781 3195 927 3251 labem
