1986 3450
134 216 183 267 nu
199 213 330 267 uusurs
348 213 579 274 orruroruuus,
596 214 665 266 ci».
681 217 779 267 «ιι-42.
818 217 859 279 4⁵

66 363 191 435 orst0ri;
209 373 241 422 et
266 361 388 422 Servius
415 362 582 438 eloquentie
609 373 721 422 tantum
748 381 857 422 ussum·

72 443 173 518 psisse,
187 454 219 501 ut
230 443 278 520 jus
293 443 379 500 civile
394 442 478 500 facile
491 444 578 520 possit
592 443 681 501 tueri:
704 454 857 520 aetatesqus

71 533 218 583 vestraeut
246 523 360 580 iliorum
388 523 458 580 uihil
487 532 536 582 'aut
563 545 619 582 nou
649 524 708 581 fere
728 525 855 583 'multum

68 601 215 662 differunt.
251 602 339 661 XLI,
359 601 397 658 Et
410 622 473 678 ego,
488 602 533 661 De
548 624 603 676 uie,
618 604 745 680 inquam,
759 605 856 662 dicere
867 615 905 655 1⁵1

69 683 141 742 nihii
154 696 199 742 est
212 701 353 742 necesse:
374 683 409 740 de
424 684 524 741 Servio
546 695 641 742 autern
665 695 693 742 et
715 695 745 742 tu
769 685 856 761 probe

68 763 155 836 diois,
179 776 208 823 et
235 783 289 840 ego
315 763 419 834 dicam,
443 765 518 839 quod
543 766 642 823 sentio.
684 764 752 824 Non
777 765 854 822 euim

68 842 155 902 facile
168 864 254 921 quern
268 843 387 902 dixerim
403 844 466 920 plus
480 845 566 903 studii
582 864 666 921 quarn
681 846 760 904 iiiuur
774 857 803 903 et
818 845 854 903 ad

67 924 227 983 dicendum
243 938 271 982 et
285 924 321 982 ad
341 944 441 982 ornnes
463 926 600 983 bonarum
621 945 714 985 rerum
728 925 853 1002 discipli·

67 1022 122 1062 nas
136 1006 308 1064 adhibuisse.
351 1004 428 1062 Nam
443 1016 471 1062 et
485 1005 517 1063 iu
529 1006 630 1063 iisdem
645 1005 853 1064 exercitationi-

68 1083 123 1141 bus
133 1084 249 1144 ineunte
260 1096 346 1147 aetate
357 1085 479 1156 fuimus3
497 1096 525 1144 et
536 1098 634 1163 postea
645 1106 703 1144 una
714 1087 851 1145 Rhodum

67 1161 117 1222 ille
138 1167 224 1224 etiarn
249 1167 394 1244 profectus
415 1178 468 1237 est,
482 1186 538 1242 quo
559 1167 657 1225 melior
674 1178 748 1232 esset
761 1179 790 1224 et
803 1164 856 1224 do·

67 1244 157 1306 otior:
177 1258 206 1304 et
221 1247 288 1305 iude
303 1258 335 1306 ut
349 1246 444 1317 rediit,
460 1246 569 1303 videtur
584 1247 655 1304 mihi
670 1247 698 1303 iu
724 1246 852 1304 secunda
923 1274 930 1279 ··

67 1336 128 1383 arte
140 1328 249 1404 primus
262 1347 325 1386 esse
340 1327 477 1387 maluisse
491 1344 575 1401 quarn
597 1328 626 1384 in
647 1327 738 1402 prima
751 1345 852 1384 secun-

66 1405 129 1463 dus.
171 1409 266 1484 Atque
282 1409 358 1466 huud
372 1406 435 1465 scio
461 1424 496 1462 an
520 1425 571 1482 par
590 1406 766 1483 principibus
788 1424 852 1464 esse

64 1486 218 1561 potuisset:
240 1489 290 1545 sed
313 1488 432 1545 sortasse
457 1486 568 1557 maluit,
583 1485 611 1543 id
632 1487 706 1561 quod
729 1496 772 1543 est
788 1485 853 1543 ade·

63 1577 139 1641 ptus,
150 1567 236 1643 lunge
245 1568 373 1625 omnium
388 1585 446 1624 non
458 1565 587 1642 ejusdem
602 1567 686 1624 modo
696 1566 787 1625 aetatis
801 1565 850 1624 sed

63 1663 165 1704 eorum
189 1648 286 1717 etiam,
311 1646 360 1722 qui
384 1647 515 1719 fuissent,
540 1646 569 1703 in
594 1646 657 1722 jure
681 1647 761 1705 civili
787 1665 851 1705 esse

62 1726 209 1804 princeps.
261 1727 320 1785 Hie
348 1727 461 1798 Brutus,
484 1727 554 1786 Ain'
576 1728 627 1785 tu?
654 1728 753 1805 inquit.
801 1727 851 1786 Et·
861 1740 900 1781 1⁵2

63 1807 161 1866 iamne
174 1807 216 1870 Q.
230 1807 366 1867 Scaeroiae
381 1807 512 1865 Serrium
534 1819 662 1866 nostrum
683 1807 850 1885 anteponis?

64 1887 116 1946 Sis
141 1888 229 1961 enirn,
244 1890 371 1966 inquam,
387 1888 484 1959 Brute,
509 1888 642 1952 existimo
660 1888 732 1966 juris
756 1890 849 1950 civilis

62 1986 200 2046 magnum
213 1989 295 2028 usum
309 1981 338 2028 et
352 1969 428 2046 apud
442 1969 603 2028 Scaevolam
617 1980 646 2026 et
660 1971 734 2046 apud
746 1972 849 2032 multos

63 2047 170 2108 fuisse:
192 2061 282 2108 artem
297 2049 326 2107 iu
348 2050 404 2108 hoo
427 2069 505 2108 uuo:
526 2050 601 2125 quud
622 2048 768 2125 uunquam
782 2053 849 2112 effe·

63 2128 150 2186 uisset
176 2129 264 2208 ipsius
288 2129 359 2206 juris
386 2129 520 2200 scientis,
541 2129 597 2186 nisi
624 2148 687 2189 eam
712 2145 849 2208 praeterea

61 2208 211 2268 didicisset
232 2223 336 2278 uitem,
362 2229 425 2347 3¹¹ae
451 2209 571 2267 doceret
598 2229 657 2267 rem
687 2212 848 2271 universam

62 2289 187 2348 tribuere
202 2291 230 2349 in
244 2301 350 2368 partes,
376 2299 502 2347 stentem
517 2289 660 2366 explicare
674 2291 847 2368 definiendo,

60 2370 214 2429 obscuram
224 2371 379 2448 explanare
400 2370 624 2446 interpretando,
639 2371 774 2449 ambigua
792 2371 849 2447 pri·

63 2469 141 2508 muru
156 2452 250 2510 videre
263 2452 369 2509 deiude
383 2449 572 2526 distinguere,
586 2463 728 2528 postremo
742 2451 848 2508 habere

61 2532 201 2607 regulam,
217 2551 272 2609 qua
287 2551 353 2589 vera
374 2541 403 2588 et
427 2528 501 2588 falsu
521 2530 728 2607 judicarentur,
742 2541 771 2587 et
784 2549 847 2605 quur

59 2611 165 2687 quibus
179 2613 277 2687 positis
290 2622 396 2682 essent,
408 2630 531 2686 quaeque
553 2631 609 2670 nou
632 2620 728 2670 esseut
749 2630 848 2670 conse-

59 2691 188 2767 quentia.
232 2691 289 2748 Hic
302 2693 380 2750 enirn
395 2691 490 2749 attulit
516 2692 591 2750 hano
617 2705 705 2749 artem
719 2691 847 2752 omnium
859 2709 898 2756 15³

61 2771 165 2828 artium
189 2772 340 2828 maximam
355 2771 435 2847 quasi
458 2770 554 2828 lucem
578 2773 613 2829 ud
638 2791 682 2841 ea,
697 2791 758 2848 quae
781 2794 848 2831 eun-

60 2851 124 2908 suse
140 2851 175 2907 ab
191 2851 253 2908 aliis
267 2862 316 2906 aut
338 2851 587 2927 respondebantur
609 2862 657 2908 aut
680 2853 846 2929 agebantur.

59 2931 159 2990 XLII.
183 2931 373 2989 Dialecticarn
396 2931 466 2989 mihi
491 2932 597 2991 videris
622 2932 728 3005 dicere,
747 2934 846 3010 iuquit.

60 3011 166 3084 Recte,
182 3012 309 3088 iuquam,
324 3011 474 3088 intelligis:
498 3012 549 3069 sed
576 3011 704 3088 adjunxit
718 3015 848 3072 etiamst

59 3091 206 3152 literarum
220 3091 372 3152 scientiam
385 3102 414 3152 et
427 3091 566 3167 loquendi
586 3091 853 3172 elegantiusque
