1986 3450
162 230 209 282 DE
229 231 354 282 CLARIS
370 231 599 291 ORATORIBUS,
615 229 684 280 Cae.
701 232 797 281 51-52.
835 232 874 291 57

100 377 307 454 anteponebatl
348 377 397 438 LI.
419 378 498 438 Tum
522 378 637 449 Brutus,
658 376 740 440 Quid
766 387 808 449 tu,
832 376 875 434 in·
886 393 923 434 reo

98 457 170 533 quit,
197 459 300 534 quaeris
334 459 422 516 aliosl
463 461 508 519 De
535 470 563 516 te
591 459 651 534 ipso
679 476 784 529 nonne,
806 457 874 534 quid

96 548 228 612 optarent
241 541 292 610 rei,
306 540 373 614 quid
399 540 457 616 ipse
480 540 649 597 Hortensius
670 537 821 614 judicaret,
835 538 874 595 vi·

97 617 255 677 debamusl
276 621 335 698 qui,
358 639 424 677 cum
453 620 603 696 partiretur
630 631 726 676 tecum
761 636 872 687 causas,

98 695 188 774 (saepe
202 700 279 756 enim
294 701 422 780 interfui)
437 700 586 777 perorandi
607 699 712 769 locum,
727 699 776 756 ubi
790 697 874 775 pluri·

98 795 178 835 mum
192 778 278 855 pollet
289 780 389 852 oratio,
405 799 514 857 semper
529 780 580 837 tibi
594 779 778 857 relinquebat.
821 777 875 835 Fa·

98 857 197 914 ciebat
221 859 268 916 ille
287 861 413 936 quidem,
429 861 555 936 inquam,
570 869 599 917 et
619 860 688 917 mihi
709 858 875 917 benevolen-

98 937 151 1007 tia,
176 940 270 1011 credo,
292 941 396 1000 ductus
416 941 558 1000 tribuebat
582 940 687 998 omnia.
729 940 786 997 Sed
810 957 873 1016 ego,

98 1036 163 1092 quae
178 1017 213 1076 de
227 1039 273 1077 me
286 1022 379 1098 populi
398 1018 434 1078 sit
455 1022 561 1098 opinio,
575 1020 689 1078 nescio:
710 1020 746 1078 de
760 1019 875 1095 reliquis

98 1097 156 1155 hoe
170 1098 287 1172 affirmo,
297 1102 345 1177 qui
359 1102 436 1178 vulgi
449 1101 580 1177 opinione
595 1100 770 1158 disertissimi
784 1099 875 1157 babiti

98 1177 166 1249 sint,
181 1181 294 1238 eosdem
309 1182 528 1259 intelligentium
542 1200 653 1257 quoque
665 1181 775 1257 judicio
788 1180 874 1238 fuisse

98 1259 320 1334 probatissimos.
363 1263 428 1319 Nec
450 1262 526 1318 enim
561 1270 655 1337 posset
679 1260 754 1317 idem
774 1258 922 1318 Demo-191

98 1338 214 1397 sthenes
228 1342 340 1414 dicere,
350 1343 424 1418 quod
440 1341 548 1399 dixisse
565 1341 772 1398 Antimachum
788 1338 878 1397 Clari-

98 1437 149 1476 um
162 1425 275 1496 pobtam
291 1421 395 1494 serunt,
412 1423 541 1496 quicum
567 1420 730 1477 convocatis
745 1418 876 1477 auditori·

98 1498 153 1557 bus
180 1501 288 1578 legeret
315 1502 357 1557 eis
384 1517 518 1577 magnum
548 1499 626 1570 illud,
651 1499 725 1575 quod
749 1499 875 1571 novistis,

96 1579 230 1637 volumen
245 1599 339 1651 suum,
353 1590 382 1638 et
406 1600 470 1639 eum
496 1581 636 1658 legentem
658 1599 757 1637 omnes
776 1590 876 1656 preter

96 1657 248 1716 Platonem
262 1660 449 1735 reliquissent,
465 1661 584 1735 Legum,
604 1660 705 1736 inquit,
720 1661 808 1719 nihilo
827 1660 876 1718 nrt’·

94 1743 173 1795 dtus:
194 1739 285 1798 Plato
299 1742 370 1797 anim
392 1741 460 1798 milri
484 1760 556 1799 unus
578 1742 671 1813 instar
692 1749 733 1798 est
757 1740 875 1798 omnium

91 1818 234 1876 millium:
255 1830 283 1877 et
298 1832 388 1879 recte:
409 1824 513 1898 poema
526 1821 603 1879 enim
618 1821 796 1880 reconditum
809 1840 875 1898 pau-

92 1917 194 1957 corum
210 1902 450 1976 approbationem,
464 1901 555 1960 oratio
572 1901 714 1978 popularis
729 1919 875 1960 assensum

96 1979 175 2057 vulgi
190 1981 274 2038 debet
289 2000 408 2040 movere.
451 1984 491 2039 At
505 1983 529 2040 si
553 1984 676 2040 eundem
692 1983 770 2041 hunc
783 1983 875 2040 Plato-

95 2078 163 2117 nem
177 2080 266 2119 unum
282 2062 437 2121 auditorem
449 2062 564 2120 haberet
579 2061 796 2131 Demosthenes,
809 2081 875 2122 cum

95 2152 171 2197 esset
185 2142 302 2202 relictus
317 2161 333 2199 a
347 2141 458 2213 ceteris,
471 2143 586 2200 verbum
599 2143 692 2200 facere
704 2163 760 2200 non
772 2152 874 2219 posset.

96 2220 200 2283 Quidt
229 2232 270 2294 tu,
299 2222 397 2292 Brute,
424 2241 530 2298 posses,
558 2221 583 2278 si
609 2232 637 2280 te
661 2236 693 2281 ut
719 2223 875 2282 Curionem
888 2237 926 2277 tea

97 2301 239 2375 quondam
261 2303 365 2361 concio
386 2301 564 2376 reliquisset?
604 2301 667 2380 Ego
690 2323 765 2375 vero,
785 2301 877 2379 inquit

96 2380 155 2450 ille,
170 2390 201 2440 ut
215 2401 260 2439 me
274 2383 326 2440 tibi
350 2382 485 2453 indicem,
500 2381 528 2439 in
554 2382 595 2439 eis
617 2383 703 2442 etiam
727 2382 832 2451 causis,
847 2381 876 2438 in

96 2461 201 2536 quibus
215 2463 307 2520 omnis
329 2482 374 2520 res
396 2463 478 2519 nobis
501 2480 566 2520 cum
586 2463 732 2539 judicibus
754 2470 805 2532 est,
820 2479 877 2517 non

97 2559 165 2600 cum
179 2545 291 2618 populo,
303 2554 409 2610 tamen,
424 2542 447 2599 si
463 2562 480 2600 a
494 2561 597 2600 corona
611 2544 727 2602 relictus
741 2542 804 2614 sim,
819 2560 876 2598 non

96 2640 201 2696 queam
227 2624 330 2682 dicere.
373 2622 418 2680 Ita
439 2643 480 2696 se,
496 2622 621 2698 inquam,
641 2643 686 2681 res
709 2623 813 2680 habet:
835 2633 876 2696 ut,
919 2667 923 2676 .

97 2702 123 2758 si
138 2702 214 2759 tibiae
230 2702 332 2762 infiatae
346 2723 402 2760 non
427 2704 551 2761 reserant
575 2723 686 2773 sonum,
702 2701 877 2778 abjiciendas

96 2801 148 2839 eas
162 2781 215 2838 sibi
230 2782 337 2841 tibicen
358 2796 457 2859 putet3
479 2784 521 2841 sic
544 2784 647 2842 oratori
672 2783 768 2859 populi
794 2802 877 2842 aures

96 2873 243 2938 tamquam
272 2864 346 2921 tibiae
374 2876 456 2934 sunt;
478 2884 519 2923 eae
543 2865 567 2922 si
596 2863 725 2921 inflatum
753 2884 810 2922 non
835 2883 877 2922 re·

97 2943 218 3020 cipiunt,
234 2952 283 3002 ant
307 2944 331 3000 si
355 2944 465 3002 auditor
486 2945 603 3003 omnino
625 2952 768 3019 tamquam
787 2961 877 3020 equus

96 3042 154 3081 non
168 3024 247 3096 facit,
260 3023 386 3101 agitandi
399 3024 463 3083 finis
475 3024 625 3084 faciendus
638 3033 690 3081 est.
727 3024 792 3083 L11.
810 3022 877 3080 Hoc
889 3040 927 3082 tea

97 3115 194 3162 tamen
219 3105 346 3176 interest,
359 3104 434 3180 quod
454 3106 557 3184 vulgus
578 3103 724 3166 interdum
741 3123 803 3164 non
815 3121 881 3178 qro-
