1986 3450
126 535 166 594 54
229 533 282 584 DE
304 533 429 586 CLARIS
451 523 689 586 osauorelssus
705 526 775 576 Cae.
791 533 830 580 49.

136 676 264 740 omnium
284 690 425 740 oratorum
447 679 506 738 sive
525 671 706 744 rabularum,
720 673 769 750 qui
790 684 820 733 et
841 676 925 759 plane

136 758 245 819 indocti
264 771 293 818 et
317 759 449 818 inurbani
477 769 525 818 aut
551 753 659 820 rustici
686 753 771 812 etiam
799 755 927 833 suerunt,

135 860 206 916 quos
229 842 342 917 quidem
368 859 421 917 ego
448 837 639 917 cognoverim,
670 834 923 917 solutissimum-in

137 921 260 979 dicendo
273 930 301 977 et
316 921 510 978 acutissimum
529 921 629 997 judico
644 915 737 974 nostri
756 917 866 976 ordinis
884 919 924 982 Q.

138 1001 306 1070 Sertorium,
321 1001 458 1076 equestris
472 1001 505 1058 Ο.
521 999 714 1077 Gorgoniurn·
753 995 821 1055 Fuit
836 1000 923 1057 etiam

137 1080 229 1138 facilis
243 1093 272 1137 et
285 1082 433 1157 expeditus
458 1081 493 1138 ad
517 1081 672 1146 dicendum
698 1077 805 1134 etritae
830 1079 924 1155 splen·

137 1159 204 1218 dore
218 1161 306 1218 multo
320 1174 349 1218 et
363 1161 478 1238 iugenio
497 1181 565 1219 sane
587 1155 735 1237 probabili
755 1157 792 1214 Τ.
808 1157 924 1232 lunius,

137 1239 169 1299 L.
193 1239 238 1312 F,
261 1242 440 1314 tribunicius,
465 1262 520 1317 quo
558 1249 715 1299 accusante
746 1235 776 1294 P.
807 1239 925 1298 Sextius

134 1315 237 1397 prator
268 1322 433 1399 designatus
460 1324 610 1379 damnatus
637 1335 680 1378 est
717 1318 852 1376 ambitus.
893 1319 926 1378 Is

135 1401 318 1478 processisset
327 1402 478 1460 bonoribus
488 1403 608 1480 longius,
619 1402 672 1458 nisi
684 1399 926 1477 sempea'infi'rma

137 1492 219 1559 atque
233 1484 319 1540 etiam
335 1502 409 1560 aegra
424 1484 585 1540 valetudine
600 1482 707 1540 fuisset.

87 1575 125 1616 181
161 1562 286 1625 ‘XLIX.
309 1565 403 1639 Atque
425 1583 478 1640 ego
500 1563 634 1639 praeclare
662 1561 794 1638 intelligo
819 1578 869 1620 ms
892 1563 924 1621 in

135 1662 234 1701 eorum
260 1644 527 1702 commemoratione
546 1644 661 1714 versari,
676 1643 723 1718 qui
748 1661 806 1699 nec
830 1643 924 1702 babiti

136 1723 192 1781 sint
218 1740 343 1782 oratores
367 1744 458 1799 neque
481 1724 594 1795 fuerint,
617 1723 810 1801 praeteririque
836 1741 856 1780 ai
875 1743 925 1782 me:

137 1804 242 1879 aliquot
255 1825 290 1862 ex
305 1804 446 1861 veteribus
468 1804 734 1862 commemoratione
758 1812 808 1860 aut
832 1803 924 1862 laude·

136 1882 254 1959 dig'nosi
279 1883 328 1939 sed
363 1884 416 1941 hoc
449 1884 564 1958 quidem
598 1883 783 1960 ignoratione.
834 1883 922 1946 Quia

136 1962 212 2019 enim
228 1972 271 2020 est
284 1960 435 2038 superioris
450 1964 550 2032 atatis,
564 1965 637 2040 quod
662 1964 748 2022 scribi
772 1964 863 2041 possit
882 1965 925 2023 ‹te›

136 2041 180 2113 iis,
195 2042 230 2100 de
253 2043 355 2120 quibus
376 2043 454 2100 nulla
478 2055 662 2102 monumenta
684 2044 837 2120 loquuntur
861 2065 925 2104 nec.

136 2121 255 2180 aliorum
270 2141 324 2179 nec
339 2122 483 2198 ipsoruml
524 2122 568 2196 De
593 2124 627 2181 iis
650 2135 754 2196 autem,
769 2145 841 2200 quos
863 2126 922 2203 ipsi

135 2200 267 2272 vidimus,
292 2202 435 2260 neminem
460 2201 517 2260 sere
541 2204 781 2281 praetermittimus
805 2224 915 2276 eorum,

86 2298 204 2359 resquos
232 2281 383 2359 aliquando
410 2281 539 2341 dicentes
566 2285 696 2344 vidimus.
737 2285 811 2344 Volo
836 2287 914 2345 enim

136 2363 204 2421 sciri
218 2362 247 2420 iu
261 2373 340 2421 tante
354 2374 383 2421 et
406 2372 463 2423 tam
478 2375 572 2423 vetere
596 2385 626 2424 re
648 2367 763 2443 publica
785 2368 918 2425 maximis

134 2443 257 2522 praemiis
269 2443 438 2519 eloquentiae
460 2446 608 2522 propositis
630 2466 729 2504 omnes
749 2447 862 2523 cupisse
876 2448 918 2506 di·

136 2543 212 2597 cere,
226 2542 284 2582 non
303 2524 440 2602 plurimos
462 2544 546 2585 ausos
567 2544 639 2597 esse,
653 2527 775 2603 potuisse
798 2546 915 2604 paucos.

135 2604 199 2683 Ego
211 2615 308 2662 tamen
323 2604 363 2661 ita
375 2605 412 2661 de
433 2625 600 2682 unoquoque
622 2607 727 2681 dicam,
742 2617 774 2665 ut
795 2608 917 2686 intelligi

133 2686 232 2762 possit,
246 2703 329 2762 quem
343 2685 502 2743 existimem
518 2687 711 2758 clamatorem,
725 2707 809 2764 quem
825 2701 920 2747 orato-

135 2783 195 2823 rem
221 2766 316 2824 suisse.
358 2765 465 2823 Iisdem
485 2767 543 2824 fere
567 2767 740 2843 temporibus
763 2777 846 2826 aetate
875 2769 917 2826 in-

58 2840 62 2846 *
135 2843 251 2905 seriores
262 2846 358 2924 paullo
381 2865 465 2925 quarn
487 2848 581 2906 Julius
604 2847 655 2904 sed
678 2848 800 2923 aequales
818 2868 920 2926 prope·

134 2925 249 2982 modum
264 2927 378 2986 fuerunt
400 2927 434 2984 C.
450 2927 545 2999 Cotta,
560 2927 591 2985 P.
608 2927 762 3004 Sulpicius,
776 2929 818 2990 Q.
833 2930 921 2988 Vari·

133 3023 177 3076 us,
205 3003 259 3064 Cn.
288 3005 471 3084 Pomponius,
498 3008 532 3068 C.
556 3007 654 3077 Curio,
683 3009 716 3067 L.
739 3007 850 3080 Fufius,
874 3007 920 3066 Μ.

133 3084 255 3156 Drusus,
283 3085 315 3144 P.
344 3086 496 3156 Antistius,
524 3106 579 3145 nec
607 3087 664 3145 ulla
692 3099 774 3148 aetate
802 3089 921 3148 uberior

84 3173 275 3224 reseratorum
290 3166 363 3226 setus
386 3167 447 3226 fuit.
488 3167 533 3225 Ex
547 3167 591 3224 his
613 3168 698 3227 Cotta
720 3179 747 3226 et
771 3168 919 3246 Sulpicius

133 3264 198 3382 crpm
227 3264 291 3302 meo
320 3246 430 3324 judicio
457 3258 516 3305 tum
543 3249 671 3306 omnium
699 3249 783 3307 facile
810 3251 921 3326 primas

129 3335 265 3385 luerunt.
