1986 3450
138 214 195 275 102
235 212 282 261 DE
303 212 430 262 CLARIS
451 211 681 270 ORATORIBUS,
697 208 767 260 Cu.
783 214 824 262 98.

135 359 172 418 de
186 378 242 428 me,
253 360 317 438 ,ipse
330 358 505 438 praesertimz
526 359 576 416 sed
601 357 680 416 omni
702 357 771 416 huic
794 359 919 417 sermoni

134 441 308 517 propositum
323 451 375 514 est,
391 459 447 498 non
463 449 494 496 ut
515 438 662 516 ingenium
685 447 714 495 et
727 438 919 514 eloquentiam

135 539 229 578 meam
243 521 408 599 perspicias,
424 520 500 579 unde
519 520 604 597 longe
626 519 737 586 absum,
752 519 803 575 sed
826 531 857 577 ut
882 519 920 577 la·

84 615 123 656 sis
135 600 232 659 borem
247 614 276 660 et
289 601 466 659 industriam.
480 660 485 667 ι
509 600 583 663 Cum
609 599 694 676 igitur
707 618 800 656 essem
816 600 846 657 in
860 599 921 676 plu·

134 681 214 741 rimis
228 682 323 741 causis
336 691 366 738 et
379 681 408 738 in
423 681 600 757 principibus
614 678 739 756 patronis
761 680 921 755 quinqueu-

134 761 215 820 nium
230 763 288 820 sere
302 771 439 833 versatus,
452 773 513 820 tum
535 761 564 818 in
588 760 747 837 patrocinio
772 760 920 819 Siciliensi

135 843 258 900 maxime
273 843 301 900 in
318 853 463 903 certamen
478 843 543 899 veui
565 841 731 918 designatus
745 841 838 899 aedilis
852 860 919 898 cum

135 922 289 998 designato
299 923 416 980 consule
431 921 594 980 Hortensio

154 1000 290 1059 XCIII.
313 1003 370 1059 Sed
385 1003 519 1078 quoniam
533 1000 626 1061 omnis
645 1001 709 1058 hic
706 981 809 1060 sermo
823 1011 920 1059 noster

134 1099 191 1139 uon
203 1083 294 1144 solum
302 1083 547 1141 enumerationem
558 1081 709 1141 oratorium
722 1081 919 1140 verumetiam

134 1173 277 1240 precepta
290 1164 422 1239 quaedam
445 1163 597 1234 desiderat,
612 1163 680 1238 quid
702 1174 849 1238 tamquam
872 1181 920 1219 no-

134 1242 253 1302 tandum
279 1254 312 1301 et
337 1243 619 1309 animadvertendum
641 1243 677 1321 sit
698 1242 728 1300 in
753 1242 919 1313 Hortensio,

84 1337 124 1379 aso
135 1324 257 1383 breviter
270 1323 339 1382 licet
361 1324 465 1383 dicere.
507 1323 584 1382 Nam
607 1323 631 1380 is
651 1333 715 1400 post
736 1322 919 1381 consulatum

136 1403 248 1483 (credo,
263 1405 338 1483 qnod
362 1404 469 1462 videret
489 1419 527 1462 'ex
549 1403 748 1462 consularibus
772 1401 920 1461 neminem

93 1515 97 1528 ·
135 1505 199 1544 esse
212 1505 311 1545 secum
323 1484 556 1562 comparandum,
571 1483 731 1560 negligeret
749 1495 846 1542 autern
858 1502 920 1555 eos,

135 1566 184 1642 qui
198 1565 331 1625 eonsules
351 1585 408 1624 non
431 1565 563 1644 luissent)
579 1581 720 1622 summum
743 1563 814 1622 illud
835 1582 919 1621 snum

134 1646 262 1704 studium
283 1646 402 1718 remisit,
426 1665 482 1722 quo
504 1665 521 1702 a
544 1664 633 1721 puero
657 1645 750 1701 luerat
771 1644 919 1715 incensus,

136 1735 220 1801 atque
235 1727 264 1784 in
279 1727 408 1785 omnium
422 1745 516 1783 rerum
540 1725 715 1782 abundantia
730 1724 819 1782 voluit
832 1725 920 1782 beati·

134 1824 179 1878 us,
194 1819 225 1864 ut
239 1807 300 1883 ipse
314 1807 441 1883 putabat,
455 1805 602 1863 remissius
624 1815 701 1866 certe
715 1804 818 1863 vivere.
861 1805 920 1863 Pri·

135 1904 199 1944 mus
213 1900 241 1944 et
254 1887 400 1953 secundus
414 1904 507 1943 annus
530 1896 559 1943 et
581 1886 680 1943 tertius
702 1895 814 1943 tanturn
837 1885 920 1963 quasi

135 1965 172 2023 de
195 1967 313 2042 pictnrae
335 1965 448 2023 veteris·
465 1965 560 2023 colore
583 1965 756 2036 detraxerat,
779 1977 919 2042 quantum

135 2045 298 2122 conquiris
311 2065 385 2103 unus
398 2064 434 2102 ex
446 2046 550 2122 popule
564 2047 613 2121 sed
628 2047 803 2104 existimator
818 2048 921 2104 doctus

134 2136 165 2184 et
178 2125 341 2204 intelligens
354 2136 447 2203 posset
461 2126 642 2204 cognoscere.
679 2126 808 2202 Longius
823 2139 920 2185 autem

134 2206 294 2283 procedens
309 2219 340 2266 ut
354 2207 383 2265 in
399 2207 502 2265 ceteris
516 2207 691 2284 eloquentia
710 2207 838 2284 partibus
859 2216 920 2265 tum

135 2288 260 2346 maxime
275 2287 303 2345 in
320 2288 466 2347 celeritate
479 2301 508 2346 et
533 2288 746 2346 continuatione
768 2288 919 2346 verborum

136 2369 337 2428 adhaerescens
352 2370 397 2425 sui
411 2369 573 2427 dissimilior
596 2368 744 2425 videbatur
768 2368 831 2426 fieri
853 2388 921 2445 quo·

84 2469 122 2510 am
135 2450 213 2510 tidie.
256 2449 319 2507 Nos
334 2461 428 2508 autern
444 2469 501 2508 non
517 2449 724 2508 desistebamus
747 2467 815 2506 cum
840 2448 919 2508 omui

135 2549 241 2606 genere
255 2530 468 2589 exercitationis
481 2540 541 2587 tum
566 2528 689 2587 maxime
712 2528 776 2587 stilo
791 2539 920 2587 nostrum

136 2609 216 2683 illud,
239 2611 314 2689 quod
339 2622 408 2682 erat,
432 2630 546 2688 augere,
570 2622 825 2686 quantumcunque
848 2621 922 2667 erat.

135 2690 242 2765 Atque,
257 2703 289 2750 ut
302 2693 392 2750 multa
404 2692 543 2760 omittam,
560 2690 588 2747 in
604 2691 658 2747 hoc
680 2690 773 2767 spatio
786 2700 816 2747 et
830 2689 860 2746 in
877 2689 922 2747 his

134 2781 197 2847 post
220 2772 384 2832 aedilitatem
409 2771 492 2828 anuis
516 2782 545 2828 et
568 2779 670 2847 praetor
694 2771 803 2847 primus
827 2782 857 2827 et
880 2769 923 2827 in·

135 2849 266 2909 credibili
280 2853 376 2929 populi
386 2851 531 2909 uoluntate
545 2870 608 2907 sum
623 2851 725 2908 sactus.
758 2849 788 2907 N
791 2869 837 2907 aur
853 2868 921 2907 cuna

134 2941 249 3008 propter
265 2933 461 2990 assiduitatem
475 2931 505 2988 in
520 2931 615 2989 causis
629 2941 658 2988 et
672 2930 843 2988 industriam
859 2940 921 2988 tum

133 3021 247 3088 propter
271 3012 438 3087 exquisitius
462 3022 492 3069 et
513 3010 630 3070 minime
645 3011 761 3089 vulgare
782 3010 921 3069 orationis

134 3111 227 3169 genus
241 3091 352 3152 animos
365 3092 512 3154 hominum
527 3091 563 3153 ad
588 3111 635 3150 me
655 3091 773 3152 dicendi
792 3091 923 3152 novitate
