1986 3450
111 226 153 287 88
216 225 264 274 DE
285 223 417 277 CLARIS
440 222 673 282 ORATORIBUS,
691 224 760 273 Cur.
778 222 818 272 81.

122 371 214 428 solet?
256 371 350 431 Nulla
357 369 541 449 perturbatio
556 362 654 442 animi,
669 369 750 428 nullo
763 367 918 446 eorporis}

113 449 206 526 frons
229 471 284 509 non
301 459 452 533 peremere,
467 449 648 526 nonsemur:
664 450 759 526 pedis,
773 448 853 526 quod
865 448 917 504 mi·

122 531 227 613 nitngtm
239 541 289 604 est,
301 533 382 590 nulla
393 530 546 607 supplosio.
567 532 671 606 Itaque
682 539 793 608 tontum
804 527 916 605 obfuit

124 619 157 668 ut
169 612 357 690 inflammares
370 619 483 668 nostros
498 612 627 676 animos,·
647 630 770 668 somnum
783 611 841 667 isto
856 610 917 667 loeo

124 691 172 748 oie
187 696 353 752 tenebamus.
394 690 447 748 sio
461 692 631 756 nos-summi
645 691 765 749 oratoris
779 690 822 747 vel
837 689 917 747 saui-

125 781 184 834 tate
199 773 242 830 vel
254 771 324 828 ‘vitio
338 785 391 848 pro*
410 780 582 848 argumento
605 772 641 829 ed
665 771 834 828 diluendum
859 769 916 828 cri·

72 869 114 915 oro
126 870 190 909 meu
205 852 248 908 usi
263 870 368 912 sumus.
402 846 484 909 Tum
500 852 615 923 Brutus,
627 854 723 928 Atque
737 851 915 927 dubitamus,

124 930 225 1006 inquit,
241 942 334 990 utrum
349 933 403 990 ista
415 933 537 990 sanitas
548 932 633 990 luerit
653 951 688 989 an
705 931 827 1007 vitiuml
848 931 915 1006 quis

124 1011 200 1068 enim
229 1030 286 1069 non
313 1008 543 1080 satea'tuneum
570 1031 606 1070 ex
631 1012 764 1070 omuibus
790 1011 914 1069 oratoris

123 1089 257 1149 leudibus
273 1092 358 1170 louge
380 1093 434 1151 ista
452 1092 490 1150 sit
513 1093 637 1150 maxima
658 1091 840 1150 inflammare
853 1091 916 1148 nni·

72 1196 77 1209 ·
124 1188 185 1228 mos
200 1173 377 1230 audientium
397 1184 438 1245 et,
450 1191 630 1250 quoeunque¹
649 1191 694 1230 res
715 1171 839 1248 postulet
855 1190 915 1230 mo-

124 1250 170 1322 do,
185 1252 311 1325 flectere,
326 1254 374 1331 qui
389 1254 445 1311 hae
466 1254 570 1311 virtute
592 1253 726 1322 caruerit,
742 1251 770 1310 id
784 1251 825 1330 ei,
836 1252 915 1329 quod

124 1334 280 1392 maximum
305 1334 399 1405 luerit,
423 1333 569 1391 deluissel
611 1332 754 1392 LXXXL
776 1332 822 1389 Sit
841 1345 917 1391 stne

124 1411 175 1484 ita,
198 1416 331 1491 inquam:
358 1414 409 1472 sed
438 1414 589 1471 redeamus
617 1414 653 1471 ad
679 1432 756 1484 eum,
776 1412 826 1488 qui
851 1413 914 1490 jem

123 1510 199 1551 unus
212 1506 309 1563 restet,
323 1494 528 1553 Hortensium:
550 1505 612 1552 tum
625 1493 663 1551 de
675 1493 818 1552 nobismet
831 1492 914 1569 ipsis,

123 1575 258 1656 quoniam
284 1575 312 1634 id
334 1576 432 1646 etiarn,
446 1577 544 1646 Brute,
567 1575 703 1651 postulas,
717 1591 811 1650 pauca
832 1574 916 1631 diee-

124 1671 207 1725 mus;
228 1671 399 1731 quamquam
414 1655 548 1713 socienda
562 1654 671 1712 mentio
683 1665 735 1725 est,
751 1665 781 1711 ut
795 1653 913 1728 quidem

125 1733 195 1792 mihi
208 1735 329 1807 videtur,
344 1736 464 1793 duorum
479 1734 716 1807 adolescentium,
727 1733 775 1809 qui
789 1734 813 1790 si
827 1733 918 1791 diuti-

123 1831 158 1871 us
173 1815 318 1888 risissent,
332 1834 466 1894 magnam
488 1825 584 1890 essent
609 1815 779 1890 eloquentiae
795 1812 915 1872 leudem

125 1897 282 1953 consecuti.

73 1993 114 2034 seo
164 1974 198 2034 O.
211 1971 365 2033 Curionem
379 1984 418 2045 te,
435 1974 525 2050 inquit
538 1975 654 2046 Brutus,
669 1984 698 2032 et
712 1973 745 2033 0.
762 1973 912 2032 Licinium

125 2053 246 2112 Calvum
273 2056 392 2114 arbitror
414 2057 519 2115 dicere.
561 2055 667 2126 Recte,
687 2055 813 2130 inquom,
839 2054 917 2112 arbi·

124 2136 225 2195 naris:
241 2156 364 2211 ¹quorum
380 2137 495 2214 quidem
509 2135 579 2216 ulter
594 2136 633 2194 ite
656 2135 741 2192 facile
763 2135 914 2211 soluteque

124 2217 217 2274 verbis
244 2217 374 2275 volvebat
400 2218 468 2275 satis
495 2216 639 2275 interdum
664 2227 764 2273 acutas
789 2214 914 2274 erebres

124 2297 239 2374 quidem
255 2307 333 2355 certe
347 2292 513 2369 sententias,
528 2309 559 2356 ut
574 2297 644 2354 nihil
669 2303 764 2372 posset
778 2296 911 2354 ornatius

125 2396 198 2447 esse,
222 2377 292 2436 nihil
319 2379 486 2453 expeditius.
528 2379 624 2452 Atque
650 2376 698 2433 hie
726 2374 915 2451 a'magistris

124 2476 224 2535 parum
240 2459 384 2517 institutus
399 2469 528 2515 naturam
544 2456 645 2515 habuit
659 2455 856 2514 admirabilem
873 2457 911 2515 nd

123 2539 287 2597 dicendum.
329 2537 503 2596 Industriam
518 2556 575 2595 non
600 2555 663 2594 sum
678 2546 831 2612 expertus:
850 2547 914 2615 stu7

123 2618 203 2676 dium
217 2631 295 2678 uerte
310 2619 371 2676 luit.
411 2617 474 2679 Qui
488 2618 511 2675 si
535 2636 580 2675 me
603 2616 703 2674 audire
717 2616 860 2685 voluisset,
877 2626 913 2674 ut

125 2709 259 2772 eoeperat,
275 2700 396 2758 honores
409 2716 493 2773 quum
506 2717 575 2774 opes
597 2696 734 2773 consequi
753 2695 913 2755 maluisset.

122 2776 274 2840 Quidnam
302 2789 354 2849 est,
376 2778 477 2854 inquit,
502 2777 598 2834 istuel
619 2787 648 2834 et
668 2775 912 2853 quemadmodum

73 2856 296 2934 serdistinguisl
337 2861 403 2918 Hoe
430 2857 523 2928 modo,
548 2857 673 2932 inquom.
716 2859 790 2916 Cum
819 2855 913 2914 honos

124 2939 161 2998 sit
188 2939 335 3014 praemium
359 2938 470 2997 virtutis
491 2937 601 3013 judicio
624 2938 775 3015 studioque
802 2935 911 2994 uirium

124 3019 249 3079 delatum
278 3020 313 3076 ad
342 3019 474 3096 aliquem,
500 3017 550 3093 qui
576 3036 643 3076 eum
670 3015 832 3088 sententiis,
859 3017 912 3092 qui

123 3098 267 3178 suffragiis
294 3098 412 3178 adeptus
438 3107 492 3171 est,
516 3096 541 3156 is
568 3097 639 3157 mihi
665 3110 697 3158 et
723 3099 860 3157 honestus
881 3106 913 3154 et
