1986 3450
192 220 239 269 Da
260 218 386 270 CLARIS
405 219 636 278 coarctamus,
652 221 721 271 Ota.
738 223 777 273 28.
840 225 877 285 31

99 375 182 443 atque
196 368 251 425 hoc
266 366 404 425 memoria
421 377 533 444 patrum
556 376 628 436 teste
646 367 790 441 dicimus3
812 374 929 428 narrt-*104

98 458 127 505 et
139 447 280 505 Carbonis
294 457 323 504 et
336 447 464 506 Gracchi
485 447 626 507 babemus
647 449 790 507 orationes
811 470 880 509 non·

97 527 165 586 dum
181 528 249 585 satis
264 528 430 603 splendidas
444 527 536 585 verbis
560 529 611 586 sed
636 541 737 588 acutas
758 525 880 606 pruden-

97 607 200 684 tiaeque
214 607 416 687 plenissimas.
459 607 539 666 Fuit.
554 609 707 668 Gracchus
731 610 880 688 diligentia

97 687 239 747 Corneliae
255 688 352 746 matris
367 707 485 766 apuero
500 689 601 758 doctus
614 700 643 747 et
665 691 777 749 Graecis
791 691 880 750 literis

96 769 246 839 eruditns;
268 786 335 825 nam
333 786 460 861 semper
474 769 575 827 habuit
588 771 742 846 exquisitos
762 790 779 828 e
801 772 881 830 Grae-

96 850 142 907 cia
157 849 317 926 magistros,
331 848 361 909 in
375 850 418 907 eis
434 850 493 927 Jam
509 849 677 908 adolescens
698 851 879 928 Diophanem

96 928 306 1004 Mitylenaeum,
320 929 441 989 Graeciae
454 930 629 1021 temporibus
651 931 706 995 illis
730 932 880 995 disertissi-

95 1028 184 1069 mum.
227 1006 320 1067 Sed
296 1029 322 1067 er
337 1010 421 1068 breve
435 1023 549 1087 tempus
573 1011 683 1088 ingenii
705 1013 830 1090 augendi
850 1022 880 1071 et

95 1090 261 1148 declarandi
276 1090 344 1149 suit.
378 1091 485 1160 Carbo,
488 1091 574 1167 qaod
598 1092 655 1150 vita
677 1092 878 1184 suppeditavit,
891 1112 928 1152 ιιι

95 1181 139 1230 est
152 1171 182 1228 in
205 1171 302 1230 multis
318 1171 437 1247 judiciis
453 1173 605 1247 causisque
619 1174 761 1250 cognitus.
788 1173 879 1232 Hunc

95 1252 144 1329 qni
178 1251 328 1310 audierant
354 1253 510 1328 prudentes
537 1252 679 1324 homines,
712 1253 742 1310 in
775 1253 879 1328 quibus

95 1331 241 1391 familiaris
255 1343 351 1390 noster
365 1332 399 1389 L.
414 1332 535 1405 Gellius,
550 1332 599 1408 qui
623 1351 654 1388 se
672 1331 712 1392 illi
727 1332 879 1390 contuber-

95 1413 188 1471 nalem
216 1413 246 1470 in
274 1412 425 1470 consulatu
452 1412 541 1470 faisse
569 1412 714 1482 narrabat,
742 1430 878 1473 canoram

95 1504 234 1552 aratorem
253 1503 283 1549 et
296 1475 448 1551 volubilem
464 1502 493 1549 et
506 1492 575 1549 satis
594 1510 690 1548 acrem
705 1501 789 1567 atque
807 1511 880 1550 enn-

94 1574 159 1635 dem
176 1583 205 1630 et
219 1572 418 1634 vehementem
427 1583 456 1629 et
479 1571 561 1629 valde
581 1570 696 1630 dulcem
710 1582 739 1630 et
751 1571 880 1662 persece-

93 1663 155 1713 tnm
181 1651 269 1710 misse
294 1651 427 1711 dicebat:
449 1641 573 1709 addebat
594 1652 766 1712 industrium
791 1653 878 1711 etiam

92 1744 122 1792 ct
140 1731 309 1808 diligentem
331 1741 360 1788 et
381 1731 411 1791 in
433 1730 683 1792 exercitationibus
702 1745 879 1795 commenta-

92 1812 278 1888 tionibusque
299 1811 421 1870 multum
432 1825 528 1892 ,operae
543 1812 656 1873 solitum
672 1833 738 1872 esse
760 1833 875 1890 ponere.

93 1893 154 1952 Hic
167 1892 291 1970 optimus
303 1892 358 1950 illis
368 1893 541 1970 temporibus
552 1904 595 1951 est
604 1904 741 1971 patronus
752 1895 876 1967 habitus,
889 1916 926 1954 ιιι

93 1993 183 2050 eoque
212 1973 302 2032 forum
324 1983 439 2031 tenente
466 1975 548 2050 plura
569 1974 631 2032 lieri
648 1974 760 2050 judicia
785 1994 877 2051 crepe·

94 2066 179 2115 runt:
209 2073 275 2113 narn
300 2063 329 2111 et
349 2055 521 2130 questiones
536 2068 680 2132 perpetuae
706 2056 762 2112 hoc
783 2056 877 2113 adole-

93 2145 193 2197 scente
207 2133 370 2193 constitutae
384 2145 461 2206 sunt,
475 2155 539 2210 qaae
561 2145 647 2194 antea
659 2135 746 2194 nullae
761 2135 877 2193 fuerunt

95 2215 143 2294 (L.
156 2213 235 2275 enim
250 2215 316 2273 Piso
330 2215 462 2278 tribunus
480 2215 571 2291 plebis
592 2216 684 2293 legem
708 2215 815 2291 primns
840 2216 877 2272 de
895 2268 898 2273 ,

93 2295 225 2373 pecuniis
238 2296 405 2371 repetundis
428 2295 588 2353 Censorino
609 2307 638 2369 et
662 2294 783 2353 Manilio
807 2313 877 2352 con·

93 2376 204 2434 salibus
217 2376 299 2433 tulit:
321 2375 381 2452 ipse
396 2375 482 2441 etiam
497 2375 563 2433 Piso
583 2378 616 2433 'et
638 2395 740 2435 causas
765 2375 833 2450 egit,
847 2383 877 2430 et

92 2457 247 2515 multarum
261 2456 358 2545 legum
382 2468 430 2514 aut
453 2468 552 2514 auctor
573 2466 621 2514 aut
645 2456 789 2519 dissuasor
804 2452 875 2523 fuit;

92 2537 175 2612 isque
190 2545 218 2592 et
230 2535 374 2593 orationes
388 2536 511 2611 reliquit,
525 2556 588 2612 quas
606 2537 665 2613 jam
686 2544 875 2605 evanuerunt

92 2626 124 2677 et
151 2614 268 2672 annales
294 2635 364 2674 sane
391 2617 502 2674 exiliter
529 2617 682 2708 scriptos);
711 2624 740 2672 et
764 2613 875 2690 judicia
921 2674 930 2703 .

92 2695 202 2776 populi,
216 2696 319 2769 quibus
340 2696 441 2759 aderat
464 2695 599 2769 Carbo,
588 2716 649 2773 Jam
670 2693 761 2771 magis
782 2706 875 2771 patro·

92 2794 165 2836 num
181 2774 380 2834 desiderabant
394 2777 500 2835 tabella
516 2777 600 2836 data:
622 2793 708 2851 quam
732 2775 825 2852 legem
839 2775 873 2833 L

93 2855 214 2917 Cassius
228 2854 337 2931 Lepido
350 2870 378 2915 et
392 2855 531 2915 Mancino
543 2852 709 2916 consulibus
722 2855 794 2915 tulit.

133 2934 283 2995 XXVIII.
306 2936 407 2996 Vester
421 2938 507 2996 etiam
527 2937 564 2996 D.
591 2938 706 3007 Brutus,
731 2935 771 2998 M.
787 2937 872 3007 lilius,
885 2956 922 2996 ιιι

94 3027 127 3076 ut
140 3037 176 3075 ex
190 3016 323 3076 familiari
341 3019 403 3093 ejus
426 3018 460 3077 L.
481 3018 562 3076 Attio
580 3019 666 3093 poeta
685 3036 748 3076 sum
760 3042 763 3046 ·
774 3015 873 3076 audire

93 3098 203 3171 solitus,
217 3107 247 3156 et
259 3097 357 3157 dicere
371 3117 427 3159 non
437 3098 547 3158 inculta
560 3096 679 3172 solebat,
689 3109 719 3157 et
731 3107 794 3156 erat
806 3113 878 3153 cum
