1986 3450
145 231 184 291 62
253 231 299 279 nn
321 201 446 280 cneius
468 229 782 288 meminissem.
800 232 842 280 aa.

145 375 178 434 P.
194 376 336 436 Canutius
350 386 464 453 putatur
485 377 600 452 aequalis
624 395 715 449 meus,
738 376 830 436 homo·
848 385 927 436 extra

145 467 272 516 nostrum
311 457 439 516 ordinem
474 475 537 515 meo
571 457 681 534 judicio
713 457 926 517 disertissimus.

144 535 239 614 ipsius
254 538 373 614 Sulpicii
389 537 466 594 nulla
489 537 579 594 oratio
593 549 655 595 est:
676 557 807 614 saepeque
832 558 869 596 ex
892 558 926 598 eo

145 617 249 689 audivi,
263 637 327 677 curn
343 637 373 675 se
389 618 512 674 scribere
537 638 629 693 neque
654 637 807 676 consuesse
832 638 927 696 neque

142 717 225 775 posse
252 699 368 755 diceret
410 698 501 772 Cottae
525 718 576 774 pro
596 719 628 755 se
653 699 717 790 lege
744 689 834 756 Varia
862 720 927 776 quse

143 779 318 848 inscribitur,
331 778 442 836 eamL.
458 778 551 835 AElius
573 780 686 857 scripsit
707 778 797 838 Cottae
814 794 925 857 rogat-u.

143 857 232 915 Fuit
225 879 248 916 rs
261 859 377 915 omnino
391 859 432 916 vir
455 859 587 936 egregius
608 871 637 916 et
661 879 748 935 eques
771 859 927 918 Romanus

143 938 321 1014 cumprimis
346 939 480 996 honestus
505 940 636 1014 idemque
660 940 871 997 eruditissimus
894 952 925 998 et

141 1016 252 1076 Graecis
266 1019 354 1076 literis
370 1030 398 1077 et
411 1019 539 1089 Latinis3
561 1019 792 1096 antiquitatisque
818 1032 924 1080 nostre

140 1098 220 1156 etin
246 1099 369 1157 inventis
392 1100 476 1157 rebus
498 1100 577 1157 etin
600 1100 671 1157 actis
694 1101 922 1177 scriptorumque

140 1188 266 1237 veterum
281 1180 391 1237 literate
407 1181 531 1257 peritus:
551 1199 635 1256 quam
657 1180 806 1238 scientiam
830 1180 924 1240 Varro

139 1272 237 1318 noster
250 1271 397 1337 acceptam
412 1261 449 1318 ab
462 1261 509 1319 illo
528 1273 700 1335 auctumque
719 1281 770 1338 per
792 1279 857 1318 sese
879 1263 920 1320 vir

138 1338 256 1417 ingenio
272 1355 410 1419 praestans
431 1341 564 1417 omnique
585 1341 715 1398 doctrina
738 1340 868 1417 pluribus
890 1351 921 1399 et

88 1428 127 1468 20⁶
138 1419 336 1480 illustrioribus
350 1422 439 1480 literis
452 1421 611 1498 explicarit.
653 1421 711 1478 Sed
731 1421 807 1479 idem
823 1422 920 1481 AElius

138 1499 254 1560 Stoicus
280 1523 344 1560 esse
373 1503 468 1573 voluit,
493 1511 585 1561 orator
608 1512 702 1558 autem
729 1520 784 1559 nec
808 1502 919 1560 stud-uit

136 1600 262 1658 unquam
286 1602 341 1640 nec
366 1583 426 1640 suit.
469 1582 620 1640 Scribebat
638 1584 736 1639 'tamen
761 1583 917 1654 orationes,

136 1680 206 1735 quas
220 1662 268 1720 atii
282 1663 429 1732 dicerent;
450 1673 481 1719 ut
493 1663 533 1723 Q.
551 1661 669 1719 Metello
687 1661 732 1732 1⁸¹„
747 1671 778 1719 ut
796 1661 837 1724 0,.
853 1665 919 1722 Cae·

134 1739 223 1816 pioni,
239 1753 269 1799 ut
282 1744 322 1805 Q.
338 1741 472 1818 Pompeio
486 1742 582 1813 Ruso;
602 1760 772 1817 quamquam
788 1741 813 1799 is
827 1744 914 1801 etiam

134 1819 195 1912 ipse
210 1822 322 1898 scripsit
336 1842 395 1893 eas,
409 1822 511 1897 quibus
524 1842 575 1898 pro
588 1841 619 1878 se
633 1834 676 1879 est
690 1840 767 1892 usus,
782 1823 833 1881 sed
855 1843 914 1882 nou

83 1919 122 1960 mr
133 1901 196 1958 sine
209 1901 296 1960 AElio.
338 1902 393 1958 His
406 1901 484 1958 enim
497 1901 626 1978 scriptis*
647 1902 735 1959 etiam
747 1902 806 1978 ipse
828 1903 917 1962 inter-

133 1980 184 2052 sui,
199 2001 265 2039 cum
279 2001 371 2039 essem
387 1983 459 2058 apud
474 1983 583 2040 AElium
598 1982 774 2049 adolescens,
788 2001 915 2060 eumque

134 2059 232 2119 audire
271 2062 447 2139 perstudiose
486 2063 615 2120 solerem
656 2062 772 2120 Cottam
812 2075 910 2122 autem

132 2141 219 2200 miror
255 2161 396 2200 summum
431 2143 524 2220 ipsum
561 2153 709 2207 oratorem
735 2141 912 2221 mini-meque

132 2221 258 2299 ineptum
292 2223 424 2283 AElianes
456 2223 532 2281 leves
565 2221 759 2282 oratiunculas
786 2223 913 2282 voluisse

131 2302 286 2361 existimari
313 2323 387 2362 suas.
440 2302 535 2362 LVII.
567 2303 622 2361 His
645 2303 757 2361 duobus
778 2301 910 2380 ejusdem

131 2384 220 2444 aetat'is
248 2384 486 2444 annumerabatur
507 2402 592 2442 nemo
618 2383 735 2441 tertius:
763 2384 814 2440 sed
838 2385 910 2442 mibi

128 2464 260 2540 placebat
274 2462 447 2542 Pomponius
461 2456 592 2535 maxime,
607 2463 649 2520 vel
670 2463 764 2521 dicam
788 2464 909 2523 minime

128 2544 306 2620 displicebat.
361 2546 456 2604 Locus
481 2555 542 2602 erat
574 2544 692 2602 omnino
717 2543 746 2600 in
774 2545 911 2603 maximis

128 2625 222 2682 causis
235 2636 335 2701 praeter
350 2644 408 2696 eos,
423 2625 458 2682 de
472 2625 574 2700 quibus
587 2644 671 2715 supra
693 2623 762 2694 diri,
784 2625 906 2697 nemini,

69 2770 73 2775 Ι
126 2715 275 2779 propterea
301 2705 375 2795 quod
398 2704 553 2796 AntoniuS,
573 2704 622 2779 qui
648 2705 770 2761 maxime
792 2715 906 2782 expete·

127 2781 219 2852 batur,
234 2784 347 2842 facilis
340 2805 369 2842 rn
384 2786 478 2842 causis
491 2782 666 2859 recipiendis
677 2795 758 2853 erat3
779 2784 909 2844 fastidio-

125 2861 180 2919 sior
195 2863 325 2937 Crassus,
340 2864 390 2922 sed
404 2876 498 2922 tamen
513 2863 677 2939 recipiebat
719 2826 830 2923 Hbrum
854 2866 906 2942 qui

123 2953 256 3001 neutrum
271 2912 405 3018 habebat,
418 2944 602 3022 confugiebat
617 2945 654 3002 ad
667 2944 829 3023 Philippum
844 2946 907 3005 lere

498 3053 901 3074 --------A.-—-—....-.

263 3126 275 3150 ⁴⁹
292 3127 446 3186 scribendi25
463 3127 586 3176 Lambin’s
597 3129 759 3178 emendation.
