1986 3450
153 219 204 274 01,
216 213 343 274 curnis
359 211 590 283 onnronrsus,
607 225 676 273 cn.
692 225 788 274 11-11.
827 224 867 285 27

123 369 199 430 Cum
210 372 273 431 haec
281 369 427 442 dixissem,
436 382 473 428 et
469 370 620 448 paullum'
612 370 867 447 interquievissem,
877 385 902 426 or

82 448 164 512 Quid
187 451 282 530 igitur,
298 451 399 526 inquit,
414 461 458 508 est
478 471 583 523 causae,
604 451 720 521 Brutus,
742 451 766 507 si
787 461 867 509 tanta

82 529 171 589 virtus
183 533 211 605 in
226 543 338 591 oratore
351 531 444 590 Galba
459 533 521 603 fuit,
533 551 585 589 cur
599 551 640 589 ea
638 530 745 590 nulla
738 551 780 588 111
777 531 868 589 orati·

82 612 221 671 onibus
196 633 257 689 ejus
269 614 422 688 appareat?
443 579 522 704 quod
528 613 628 670 mirari
640 632 696 670 non
710 630 824 689 possum
836 612 866 668 iu

82 691 135 764 eis,·
149 693 200 770 qui
212 692 283 751 nihil
298 693 417 751 omnino
426 693 524 769 scripti
536 692 721 770 reliquerunt.
749 690 865 751 XXIV.

82 771 150 831 Nec
163 774 242 831 enim
256 784 299 831 est
318 774 427 845 eadem,
442 774 569 849 inquam,
584 773 682 846 Brute,
697 790 787 831 causa
808 790 867 837 non

81 854 227 911 scribendi
246 866 275 911 et
288 873 344 912 non
358 866 416 912 tam
440 854 513 911 bene
532 853 677 911 scribendi
690 870 775 929 quum
791 853 868 910 dixe·

81 933 150 992 rint.
172 932 249 991 Nam
258 934 384 992 videmus
393 933 464 992 31103
471 946 597 992 oratores
608 935 709 993 inertia
718 933 789 992 nihil
799 933 868 990 scri·

81 1014 184 1090 puisse,
196 1033 232 1072 ne
243 1011 416 1073 domesticus
427 1015 512 1072 etiam
525 1015 603 1072 labor
615 1015 767 1072 accederet
778 1015 813 1070 ad
828 1012 867 1072 fo·

81 1112 211 1167 rensem3
227 1096 368 1172 pleraeq'ue
378 1095 453 1152 enim
465 1095 629 1152 scribuntur
636 1095 779 1153 orationes
788 1092 868 1151 habi·

81 1183 118 1234 tae
135 1175 200 1247 am,
214 1195 271 1234 non
286 1187 317 1234 ut
330 1175 507 1233 habeantur:
528 1175 597 1233 alios
611 1194 668 1232 non
683 1175 903 1244 laboraremus

82 1272 129 1312 me
141 1256 213 1314 iores
228 1256 317 1319 fiant:
338 1256 417 1313 nulla
433 1256 510 1313 enirn
530 1274 575 1312 res
589 1265 701 1312 tanturn
718 1256 753 1311 ad
769 1254 868 1310 dicen·

82 1334 149 1394 dum
158 1336 273 1412 proficit
289 1346 426 1413 quantum
441 1321 572 1412 scriptio:
588 1335 755 1392 memoriam
771 1344 866 1390 autem

81 1414 112 1473 in
122 1428 265 1508 posterum
274 1415 383 1494 ingenii
393 1416 437 1474 sui
448 1435 505 1472 non
514 1415 689 1484 desiderant,
699 1433 765 1471 curn
777 1432 807 1470 se
817 1432 868 1488 pu

80 1505 144 1554 taut
157 1499 226 1555 satis
240 1515 374 1586 magnam
390 1497 507 1571 adeptos
525 1514 588 1552 esse
606 1459 735 1551 diceridi
720 1491 866 1584 ‘gloriarm

79 1595 202 1667 eamque
226 1575 314 1633 etiam
338 1574 473 1651 majorem
494 1574 601 1631 visum
611 1574 656 1645 iri,
670 1575 694 1632 si
718 1574 748 1631 in
772 1568 868 1630 existi·

79 1655 221 1713 muntium
250 1655 397 1712 arbitrium
424 1674 476 1712 sua
503 1655 608 1731 scripta
635 1673 692 1712 non
718 1654 865 1712 venerint-t

80 1735 164 1805 alios,
179 1734 253 1811 quod
268 1735 369 1813 melius
388 1745 489 1810 putent
510 1735 606 1793 dicere
628 1755 659 1792 se
682 1754 766 1811 posse
779 1746 864 1811 qu'am

79 1815 224 1886 scribere;
248 1815 323 1891 quod
350 1815 577 1894 peringeniosis
583 1816 746 1874 hominibus
773 1832 865 1890 nequa

79 1895 150 1955 satis
164 1896 256 1954 doctis
270 1896 437 1972 plerumque
458 1897 599 1989 contingit
622 1907 652 1954 ut
678 1896 731 1972 ipsr
724 1895 863 1966 Galbae3

80 1995 166 2053 quem
181 1976 336 2034 fortasse
311 1996 353 2034 113
375 1995 432 2034 non
458 1976 568 2055 ingenii
593 1978 684 2035 solum
707 1976 757 2034 sed
777 1977 902 2034 01131193

82 2057 170 2114 animi
184 2062 212 2114 et
226 2039 363 2114 naturalis
376 2057 492 2133 quidam
506 2056 585 2115 dolor
607 2057 774 2118 dicentem
767 2075 867 2114 rncen

80 2137 177 2208 debat,
191 2136 400 2212 efficiebatque,
419 2147 451 2194 ut
473 2148 502 2195 et
524 2137 651 2194 incitata*
667 2146 696 2194 et
719 2136 812 2214 gravis
836 2146 865 2194 et

81 2217 235 2275 vehemens
249 2225 324 2276 esset
336 2217 442 2294 oratio:
464 2219 532 2275 dein
552 2236 619 2274 cum
638 2217 745 2275 otiosus
768 2216 864 2274 stilum

79 2297 280 2374 prehendam,
308 2308 457 2373 motusque
483 2298 577 2355 omnis
605 2297 692 2356 animi
719 2306 864 2372 tamquam

80 2387 183 2435 ventus
204 2377 348 2441 hominem
372 2377 526 2448 defecerat,
545 2377 736 2436 flaccescebat
757 2376 864 2445 orati0;

79 2458 156 2535 quod
178 2457 222 2528 iis,
237 2458 285 2534 qui
303 2457 430 2515 limatius
453 2458 570 2515 dicendi
592 2468 794 2517 consectantur
818 2464 866 2531 gs·

80 2556 146 2609 nus,
160 2537 291 2596 accidere
305 2557 362 2595 non
378 2538 458 2608 solet,
470 2549 618 2615 propterea
628 2539 702 2615 quod
714 2535 866 2612 prudentia

80 2626 229 2693 nunqnam
243 2618 340 2676 deficit
353 2629 503 2689 oratorem,
517 2637 573 2694 qna
595 2619 644 2676 ille
667 2628 750 2676 utens
764 2615 870 2674 eodem

79 2697 169 2756 modo
182 2697 269 2776 possit
289 2709 318 2756 et
331 2698 428 2756 dicere
453 2711 482 2757 et
506 2699 649 2768 scribere;
672 2698 754 2754 ardor
777 2697 865 2757 animi

79 2797 139 2837 non
155 2795 266 2854 semper
281 2778 463 2854 adustisque
477 2798 544 2836 cum
558 2779 697 2847 consedit,
712 2778 803 2836 omnis
818 2778 866 2836 illa

78 2858 123 2917 113
136 2872 166 2917 et
178 2876 261 2934 quasr
254 2824 390 2916 flamnia
403 2859 522 2917 oratoris
536 2857 734 2943 exstinguitur.
777 2859 864 2916 Hanc
875 2866 902 2906 ⁹4

78 2939 167 3032 igitur
191 2938 229 2998 ob
244 2956 360 2995 causam
375 2939 486 2998 videtur
507 2940 589 3000 Laelii
610 2955 690 2994 mens
704 2939 811 3016 spirare
826 2948 866 2996 et·

78 3020 137 3079 iam
152 3020 181 3077 in
196 3018 311 3095 scriptis
324 3018 423 3080 Galboe
439 3032 535 3079 autem
549 3020 592 3077 113
606 3018 757 3078 occidisse

119 3099 219 3160 XXV.
246 3094 378 3159 Fuerunt
403 3101 490 3159 etiarn
517 3101 548 3159 in
574 3108 722 3159 oratorum
746 3114 874 3157 numero
