1986 3450
131 213 172 272 22
231 210 278 259 us
302 209 427 260 cLAltls
449 209 677 268 onnuonrsus,
692 211 761 259 cm.
778 186 816 259 io.

132 355 237 415 bellum
258 355 400 415 Punicum
425 355 506 432 quasi
530 355 660 433 Myronis
682 375 753 434 opus
779 355 912 414 delectat

95 452 120 492 ιι
132 437 177 494 Sit
190 436 303 496 Ennius
314 455 395 508 sane
409 446 441 493 ut
460 447 503 495 est
524 450 611 508 certe,
626 436 794 513 perlectior;
815 435 863 512 qui
887 435 910 493 si

132 516 221 588 illum,
235 528 280 575 ut
290 517 412 589 simulat,
428 529 634 588 contemneret,
648 537 705 575 non
727 516 824 575 omnia
838 515 911 574 bella

131 616 304 674 persequens
326 598 448 674 primum
471 597 539 656 illud
567 590 712 679 Punicum
740 597 909 655 acerrimum

132 677 237 735 bellum
252 678 417 753 reliquisset.
454 678 533 735 Sed
527 697 586 754 ipse
600 679 681 750 dicit,
696 697 747 736 cur
763 677 791 735 id
802 677 912 735 faciat:

131 759 278 835 scripsere,
293 758 394 833 inquit,
403 758 463 816 olii
485 779 541 816 rem
565 759 690 841 versibus
703 799 779 816 .....
788 768 817 815 et
830 757 913 815 lucu-

130 837 207 899 lente
220 838 336 912 quidem
350 838 535 915 scripserunt,
550 839 635 897 etiam
660 834 801 896 siminus
824 856 912 923 quam

130 927 161 975 tu
175 917 271 993 polite.
312 917 378 976 Nec
392 938 458 976 vero
472 920 523 976 tibi
545 921 625 978 aliter
639 918 730 976 videri
751 918 837 977 debet
840 917 912 994 ,qui

131 1016 148 1055 ιι
174 995 276 1056 Naevio
303 998 346 1056 vel
366 999 491 1057 sumsisti
513 999 656 1073 multa,
634 1019 658 1058 si
680 998 787 1071 suteris,
808 998 864 1071 vel,
885 997 912 1057 si

129 1095 229 1154 negas,
243 1079 411 1155 surripuisti

92 1171 118 1210 ⁷⁷
169 1159 243 1217 Cum
258 1160 314 1217 hoc
328 1158 440 1217 Catone
461 1160 627 1238 grandiores
646 1170 716 1218 natu
739 1158 854 1218 suerunt
873 1158 910 1219 Ο.

129 1237 299 1311 Flaminius,
315 1239 349 1297 C
364 1227 466 1311 Varro,
480 1239 522 1312 Q,
537 1240 693 1312 Maximus,
706 1238 746 1302 Q
762 1239 910 1331 Metellus,

127 1317 160 1377 P.
175 1318 324 1392 Lentulus,
340 1319 372 1377 Ρ
387 1320 517 1388 Crassus,
531 1321 580 1396 qui
595 1340 661 1378 cum
677 1320 821 1397 superiore
835 1319 914 1385 Afri·

128 1417 202 1458 cano
216 1401 315 1459 consul
331 1400 392 1458 suit.
434 1400 531 1477 Ipsum
555 1401 739 1477 Scipionem
737 1399 912 1491 accepimus

127 1498 185 1538 non
200 1479 339 1539 infantem
351 1480 450 1539 fuisse.
492 1480 583 1539 Filius
594 1480 749 1561 quidem
720 1500 797 1560 ejus,
810 1480 843 1551 is,
858 1480 910 1555 qui

126 1560 205 1618 hunc
219 1563 371 1619 minorem
382 1561 547 1653 Scipionem
562 1581 578 1619 a
593 1556 694 1619 Paullo
715 1525 868 1638 adoptavit,
882 1560 909 1618 si

126 1660 244 1716 corpore
256 1641 417 1713 valuisset,
411 1662 440 1700 m
454 1642 553 1718 primis
564 1643 678 1700 habitus
686 1651 767 1700 esset
777 1641 910 1699 disertus

126 1718 263 1778 Indicant
277 1740 344 1778 cum
358 1687 546 1781 oritiunculae
560 1734 621 1781 tum
644 1721 762 1780 historia
775 1722 908 1798 quaedam

88 1799 229 1863 taurona
255 1801 362 1876 scripta
389 1802 563 1860 dulcissime.
616 1802 687 1860 XX.
721 1800 910 1878 Numeroque

124 1881 226 1938 eodem
249 1879 301 1938 fuit
324 1881 389 1940 Sex.
406 1881 511 1952 AElius,
528 1882 600 1959 juris
622 1883 737 1958 quidem
761 1881 854 1940 civilis
877 1900 911 1940 ο·

123 1960 233 2018 ιιιιιίιιιιι
244 1960 442 2036 peritissimus,
452 1962 503 2018 sed
514 1962 600 2020 etiam
613 1963 648 2020 ad
661 1961 815 2020 dicendum
824 1980 908 2038 pata·

123 2049 178 2098 tus.
220 2040 265 2098 De
279 2040 437 2099 minoribus
458 2052 553 2100 autem
575 2043 610 2103 C.
627 2042 772 2119 Sulpicius
792 2041 906 2116 Gallus,

90 2175 92 2187 ,
122 2120 171 2197 qui
185 2121 309 2180 maxime
322 2122 451 2180 omnium
465 2123 604 2181 nobilium
618 2122 730 2182 Graecis
742 2123 831 2181 literis
845 2132 904 2180 stu·

122 2200 194 2274 duit,
209 2201 290 2278 isque
302 2212 331 2260 et
344 2213 486 2261 oratorum
501 2202 530 2261 in
545 2222 664 2263 numero
680 2214 723 2261 est
737 2203 861 2273 habitus,
874 2212 907 2261 et

122 2279 176 2339 luit
189 2282 304 2358 reliquis
318 2281 403 2340 rebus
423 2294 540 2342 ornatus
565 2295 648 2360 atque
670 2284 800 2361 elegans.
836 2281 905 2340 Jam

121 2361 199 2421 enim
213 2373 274 2420 erat
297 2363 411 2421 unctior
435 2365 564 2440 quaedam
586 2364 816 2440 splendidiorque
835 2381 906 2422 cou-

122 2443 244 2502 suetudo
257 2443 405 2520 loqucndi:
427 2463 495 2503 nam
509 2445 565 2502 hoc
578 2456 698 2521 pretore
718 2444 800 2503 ludos
815 2442 905 2520 Apol·

120 2521 172 2581 lini
187 2523 322 2595 faciente,
344 2542 410 2581 cum
429 2523 578 2600 Thyesten
601 2525 725 2584 fabulam
747 2523 903 2594 docuisset,

120 2600 160 2663 Q
175 2601 357 2663 Marciaco.
374 2604 673 2664 Servilioconsulibus
697 2616 817 2665 mortem
831 2602 905 2662 obiit

84 2688 110 2730 ⁷⁹
120 2680 240 2742 Ennius
282 2684 353 2743 Erat
366 2683 467 2746 iisdem
481 2685 671 2763 temporibus
677 2685 726 2744 Ti
740 2685 904 2755 Gracchus,

82 2758 152 2818 P.
168 2761 201 2819 F.
205 2765 275 2839 ,qui
300 2765 343 2823 bis
365 2765 464 2822 consul
487 2777 517 2823 et
540 2785 642 2825 censor
665 2765 727 2835 luit,
753 2765 835 2842 cujus
857 2774 904 2822 est

119 2842 210 2900 oratio
223 2845 327 2904 Graeca
349 2843 424 2920 apud
449 2844 597 2917 Rhodios;
618 2865 703 2922 quem
726 2847 818 2905 civem
832 2863 902 2902 cum

119 2940 237 3000 gravem
249 2934 308 2982 tum
322 2924 408 2983 etiam
423 2891 609 3021 eloquentem
618 2937 730 2985 constat
744 2926 840 2985 suisse.
866 2923 902 2983 P.

118 3001 204 3060 etiam
220 3003 386 3098 Scipionem
399 3002 561 3074 Nasicam,
563 3007 612 3082 qui
625 3019 669 3066 est
681 3007 840 3066 Corculum
854 3024 904 3083 ap-

115 3082 249 3159 pellatus,
262 3084 311 3162 qui
325 3085 393 3145 item
418 3084 462 3144 bia
485 3087 587 3147 consul
607 3099 637 3147 et
656 3106 758 3148 censor
772 3086 836 3161 luit,
850 3087 903 3147 ha·
