1986 3450
134 220 173 278 30
233 216 280 264 nn
303 215 429 264 cannis
451 215 680 273 onnuonrnus
697 217 765 264 cur».
783 218 822 264 27.

134 362 265 422 ticuisset
277 362 439 433 Gracchus,
454 380 521 419 cum
535 372 564 418 et
577 361 708 421 Fannius
728 363 765 419 de
778 360 919 424 Menelao

135 443 306 503 Maratheno
333 453 362 500 et
386 442 422 498 de
444 442 548 500 ceteris
570 443 732 519 objecisset,
757 445 915 518 praesertim

134 543 202 583 cum
230 524 361 584 Fannius
387 541 534 598 nunquam
564 523 601 580 sit
627 523 742 581 habitus
769 523 915 602 elinguis:

134 624 201 662 nam
226 617 255 664 et
279 622 380 667 causas
402 603 592 671 defensitant,
613 614 643 660 et
667 605 829 675 tribunatus
853 605 917 681 ejus

135 686 250 746 arbitrio
277 695 306 742 et
333 684 500 743 auctoritate
527 682 559 740 Ρ.
583 684 716 742 Africani
737 695 834 760 gestus
856 705 916 744 non

85 784 122 824 ror
133 766 272 831 obscurus
299 764 361 825 suit.
406 764 489 822 Alter
516 773 610 822 autem
639 764 673 820 Ο.
702 763 843 836 Fannius,
871 760 915 824 M.

133 846 219 914 filius,
234 846 269 904 Ο.
284 844 366 903 Laelii
379 863 478 922 gener,
502 854 531 902 et
544 844 670 902 moribus
684 855 713 902 et
726 844 787 921 ipso
807 864 917 922 genere

134 925 250 984 dicendi
264 925 379 984 durior.¹
411 925 441 982 Is
449 924 547 982 soceri
568 924 697 984 instituto
721 925 830 1004 (quem,
846 927 916 1002 quia

134 1016 283 1082 cooptatus
303 1007 333 1064 in
355 1025 496 1082 augurum
514 1005 670 1082 collegium
689 1025 747 1063 non
769 1017 840 1077 erat,
855 1025 916 1064 nou

134 1085 288 1145 admodum
303 1085 448 1163 diligebat,
461 1086 617 1163 praesertim
632 1105 698 1144 cum
713 1086 760 1144 ille
780 1088 820 1149 Q.
837 1087 918 1147 Scae·

134 1166 226 1224 volam
241 1167 295 1224 sibi
315 1167 453 1224 minorem
475 1176 544 1233 natu
566 1185 704 1243 generum
725 1167 915 1243 praetulisset:

134 1247 183 1306 cui
197 1258 292 1307 tamen
308 1247 414 1306 Laelius
428 1267 458 1305 se
472 1265 613 1305 excusans
624 1264 681 1305 non
693 1267 800 1324 genero
810 1247 917 1306 minori

134 1327 206 1386 dixit
219 1347 250 1386 se
264 1328 334 1389 illud
349 1329 398 1385 sed
414 1327 512 1404 majori
526 1327 590 1385 filiae
610 1328 762 1467 detulisse&
778 1328 802 1385 is
815 1339 915 1387 tamen

134 1407 263 1468 instituto
277 1408 370 1468 Laelii-
383 1408 542 1468 Panaetium
558 1408 713 1466 audiverat.
759 1409 807 1484 jus
819 1409 917 1467 omnis

134 1489 164 1548 in
178 1489 303 1549 dicendo
316 1489 437 1547 facultas
451 1509 486 1548 ex
500 1489 616 1546 historia
640 1488 729 1565 ipsius
754 1508 811 1547 non
826 1489 918 1547 inele-

133 1581 234 1648 ganter
247 1571 354 1646 scripta
366 1569 489 1646 perspici
502 1581 605 1646 potest,
626 1589 689 1645 quae
711 1588 804 1644 neque
828 1569 917 1628 nimis

84 1665 123 1706 rm
133 1661 177 1707 est
190 1650 285 1708 infans
298 1669 391 1725 neque
406 1651 531 1726 perfecte
545 1650 659 1709 diserta.
685 1648 804 1708 Mucius
817 1661 915 1707 autem

135 1747 236 1806 augur,
250 1730 324 1805 quod
339 1749 389 1805 pro
403 1749 434 1786 se
447 1750 519 1806 opus
533 1740 603 1801 erat,
618 1730 678 1806 ipse
693 1730 817 1800 dicebat,
832 1730 917 1789 atde

133 1809 266 1887 pecuniis
279 1810 443 1886 repetundis
457 1810 603 1867 contraT
619 1810 788 1871 Albucium.
809 1811 917 1868 leora-

133 1901 227 1948 torum
241 1889 270 1947 in
290 1908 409 1947 numero
433 1908 491 1947 non
513 1889 613 1960 suit3'
603 1891 675 1966 juris
699 1890 791 1953 civilis
811 1889 918 1948 intelli·

153 1970 232 2028 entia
255 1979 339 2045 atque
359 1969 438 2027 omni
464 1969 623 2046 prudentiae
647 1990 753 2048 genere
773 1970 914 2048 praestitit.

133 1990 165 2109 b
190 2049 300 2108 Coelius
328 2050 479 2126 Antipater
506 2050 647 2127 scriptorr
673 2052 915 2143 quemadmodum

133 2130 275 2204 ridetis,l
271 2130 313 2199 uit
327 2141 357 2190 ut
375 2130 549 2206 temporibus
571 2131 627 2189 illis
648 2131 851 2200 luculentus,
841 2132 917 2208 Juris

133 2210 215 2270 valde
241 2211 359 2288 peritus,
387 2211 538 2270 multorum
565 2212 662 2284 etiam,
690 2223 721 2271 ut
747 2211 778 2270 L
806 2212 915 2286 Crassi,

133 2292 276 2369 magister.

83 2387 121 2430 roa
172 2371 304 2430 XXVII.
319 2372 457 2431 Utinnm'
450 2392 480 2430 m
491 2374 540 2433 Ti.
555 2330 689 2433 Graccho
702 2373 831 2449 Gaioque
844 2373 916 2435 Car-

132 2451 207 2512 bone
220 2453 285 2511 talis
299 2471 380 2511 mens
395 2453 429 2512 nd
442 2473 501 2511 rem
513 2455 658 2531 publicam
670 2455 743 2513 bene
755 2455 914 2531 gerendam

132 2533 243 2606 suisset,
257 2533 368 2611 quale'
361 2533 510 2611 ingenium
525 2536 560 2592 ad
582 2535 825 2593 benedicendum
840 2537 913 2594 fuit!

131 2613 260 2689 profecto
273 2633 358 2672 nemo
372 2615 416 2672 his
429 2615 496 2672 viris
512 2615 603 2692 gloria
626 2616 810 2692 prestitisset
854 2617 914 2674 Sed

132 2710 232 2750 eorum
243 2695 313 2753 ulter
324 2705 435 2771 propter
444 2695 719 2754 turbulentissimum
727 2695 916 2770 tribunatum,

133 2771 169 2830 td
191 2791 275 2847 quern
300 2794 335 2833 ex
362 2774 471 2833 invidia
495 2775 610 2834 foederis
637 2774 810 2836 Numantini
832 2778 916 2835 bonis

132 2851 227 2911 iratus
235 2865 414 2922 accesserat,
422 2855 478 2912 ab
471 2874 533 2930 rpsa
555 2875 585 2914 re
608 2857 725 2933 publica
742 2868 785 2916 est
799 2858 917 2916 interfe-

132 2943 213 2991 ctus:
236 2933 308 2991 alter
317 2946 430 3013 propter
441 2947 607 3012 perpetuam
620 2937 651 2994 in
661 2937 790 3029 populari
804 2939 916 2996 ratione

132 3012 276 3072 levitatem
291 3026 381 3075 morte‘
400 3015 559 3075 voluntaria
579 3037 610 3075 se
632 3037 649 3075 a
673 3019 822 3076 severitate
840 3018 917 3096 judi·

134 3110 202 3155 cum
215 3093 380 3156 vindicavit.
408 3097 468 3156 Sed
478 3096 532 3156 suit
545 3107 664 3175 uterque
677 3117 806 3159 summus
819 3115 917 3160 oraton
