1986 3450
138 237 178 298 34
237 234 284 284 DE
306 233 432 284 CLARIS
454 231 826 290 ORATORIBUS,CA1².81.

138 379 284 459 multaque
296 398 383 459 opera
396 379 542 456 multaque
556 377 697 437 industria
710 376 841 436 Rutilius
855 376 926 448 fuit3

138 480 202 540 quae
216 472 277 519 erat
291 472 438 538 propterea
459 460 575 537 gratior,
591 459 666 537 quod
687 459 763 516 idem
785 476 927 536 magnum

90 561 127 602 114
138 561 243 600 munus
271 543 306 599 de
331 541 394 617 jure
421 541 612 616 respondendi
640 533 807 597 sustinebat
850 539 928 596 Sunt

137 618 199 698 ejus
212 623 355 681 orationes
365 619 470 697 jejunas
481 620 599 696 :multa
620 619 764 697 preclara·
780 620 817 676 de
839 618 925 694 jure:

138 702 240 761 doctus
263 703 305 760 vir
331 701 497 761 et'Graecis
524 701 614 758 literis
641 700 779 770 eruditus,
803 698 927 764 Panaetii

138 783 258 855 auditor,
272 799 358 859 prope
367 781 516 858 ¹perlectus
531 781 559 839 in
578 780 693 851 Stoicis,
709 798 829 857 quorum
841 798 927 856 pera·

137 872 278 929 eutumet
292 862 360 920 artis
374 862 489 939 plenum
504 861 639 923 orationis
653 880 744 939 genus
758 860 814 917 scis
825 871 925 918 tamen

136 941 210 1001 exile
224 942 363 1000 nec'satis
387 943 515 1021 populari
541 941 697 1000 assensioni
725 941 926 999 accommoda·

135 1030 205 1081 tum.
247 1022 350 1100 Itaque
373 1022 431 1094 ille,
447 1043 510 1100 quae
532 1022 644 1099 propria
665 1031 708 1079 est
730 1021 815 1097 hujus
837 1020 927 1079 disci·

134 1101 231 1192 pliuae,
245 1104 478 1180 philosophorum
493 1104 529 1160 de
544 1122 575 1160 se
589 1102 714 1179 ipsorum
730 1101 826 1179 opinio
840 1101 925 1170 firme

87 1202 125 1244 115
136 1201 166 1240 m
190 1183 246 1243 hoc
268 1183 328 1242 viro
349 1192 379 1241 et
400 1182 511 1242 'stabilis
534 1182 650 1240 iuventa
671 1192 723 1240 est.
763 1181 826 1242 Qui
855 1200 924 1240 cum

136 1260 391 1323 innocentissimus
412 1263 442 1322 in
464 1263 606 1340 judicium
621 1273 737 1321 vocatus
761 1271 837 1319 esset
852 1261 926 1340 (quo

131 1341 242 1420 judicio
256 1345 420 1403 convulsam
433 1345 547 1421 penitus
558 1344 666 1401 scimus
680 1352 743 1400 esse
757 1357 817 1399 rem
832 1342 926 1418 publi·

135 1427 227 1506 cam),
242 1437 309 1484 eum
324 1435 421 1499 essent
434 1444 469 1482 eo
483 1433 610 1500 tempore
630 1422 856 1501 eloquentissimi
872 1422 925 1480 viri

134 1502 171 1564 L.
191 1507 314 1566 Crassus
336 1517 365 1564 et
387 1505 428 1565 M.
456 1504 601 1563 Antonius
623 1503 798 1574 consulares,
823 1512 925 1560 eorum

133 1584 270 1645 adbibere
285 1595 417 1644 neutrum
432 1585 534 1644 voluit:
552 1583 628 1642 dixit
649 1584 708 1660 ipse
727 1602 778 1659 pro
792 1601 873 1653 sese;
895 1593 925 1640 et

133 1682 226 1740 pauca
251 1665 289 1724 Ο.-
312 1665 409 1736 Cotta,
432 1667 509 1742 quod
531 1665 634 1723 sororis
656 1662 824 1735 eratfilius,
846 1674 877 1720 et
899 1661 924 1720 is

134 1744 252 1820 quidem
266 1754 363 1807 temen
377 1754 408 1802 ut
428 1757 531 1815 orator,
547 1763 720 1821 quamquam
735 1753 804 1801 erat
826 1742 925 1801 admo·

133 1822 203 1881 dum
217 1824 392 1882 adolescens.
435 1825 494 1882 Sed
508 1824 547 1886 Q.
564 1823 683 1881 Mucius
695 1823 855 1883 enucleate
875 1823 925 1881 ille

134 1904 251 1981 quidem
272 1913 301 1961 et
321 1903 419 1981 polite,
434 1914 465 1960 ut
486 1903 606 1975 solebat,
621 1916 809 1981 nequaquam
826 1913 924 1963 autem

133 2000 169 2041 eu
187 1983 213 2060 si
236 1994 321 2061 atque
342 1983 435 2059 copia,
449 2001 535 2061 quam
559 2001 651 2060 genus
677 1984 747 2041 illud
768 1982 878 2060 judicii‘
894 1995 925 2042 et

85 2083 123 2126 nt
133 2063 302 2141 magnitudo
323 2081 418 2124 causae
441 2064 612 2141 postulabat.
656 2062 808 2123 Habemus
835 2064 924 2141 igitur

134 2142 164 2202 iu
180 2143 284 2220 Stoicis
297 2145 457 2203 oratosibus
471 2143 626 2216 Rutilium,
642 2145 786 2202 Scaurum
806 2144 835 2202 in
851 2145 924 2202 anti·

132 2223 215 2363 fluis:
236 2235 390 2303 utrumque
411 2236 508 2283 tamen
534 2223 695 2298 laudemus,
710 2224 846 2303 quoniam
871 2236 923 2301 per

134 2304 195 2363 'los
208 2323 245 2365 ne
259 2304 322 2364 haec
335 2305 451 2382 quidem
466 2306 495 2364 in
511 2305 627 2364 civitate
640 2324 751 2382 genera
762 2306 817 2363 hac
831 2313 924 2362 orato-

133 2384 177 2444 rie
189 2384 275 2446 laude
290 2397 453 2444 caruerunt.
494 2385 569 2444 Volo
582 2386 660 2444 enim
686 2397 717 2443 ut
731 2386 761 2443 iu
775 2403 865 2443 sceua
879 2383 923 2442 sio

132 2465 221 2526 etiam
235 2465 265 2524 iu
280 2465 340 2525 loro
353 2483 411 2524 uon
436 2484 485 2545 eos
510 2465 595 2525 modo
619 2465 741 2538 laudari,
757 2465 806 2542 qui
832 2464 922 2523 celeri

133 2555 212 2606 motu
226 2556 256 2605 et
268 2545 380 2606 difficili
392 2555 519 2618 utantur,
534 2548 585 2605 sed
598 2564 648 2604 eos
668 2547 766 2618 etiam,
781 2564 852 2623 quos
866 2557 924 2603 sta·

133 2625 219 2683 turios
234 2625 387 2704 appellant,
402 2634 522 2703 quorum
536 2626 573 2684 sit
588 2626 636 2684 illa
655 2626 776 2704 simplex
790 2627 820 2684 iu
835 2627 924 2703 agen·

134 2704 171 2762 do
184 2706 298 2779 veritas,
312 2725 370 2765 nou
386 2707 513 2766 molesta.

86 2805 123 2845 ut
173 2783 291 2844 XXXI.
313 2787 352 2844 Et
365 2787 500 2863 quoniam
516 2786 677 2845 Stoicorum
692 2795 737 2844 est
751 2787 829 2845 facta
842 2804 923 2845 meu·

134 2862 185 2936 tio,
199 2864 240 2925 Q.
256 2865 351 2927 AElius
366 2866 485 2925 'l'ubem
499 2868 552 2925 luit
567 2866 614 2924 illo
628 2876 763 2944 tempore,
779 2867 811 2925 L.
828 2866 923 2925 Paulli

133 2964 232 3024 nepos,
241 2946 320 3004 uullo
335 2949 364 3008 in
375 2962 520 3006 oratorum
533 2966 653 3006 numero
667 2949 717 3006 sed
734 2947 791 3005 vita
804 2965 923 3006 severus

134 3035 165 3084 et
177 3044 341 3103 congruens
355 3047 422 3087 cum
446 3047 483 3087 ea
503 3027 666 3104 disciplina,
681 3047 766 3105 quam
791 3028 922 3098 colebat3

131 3106 232 3182 paullo
244 3105 332 3165 etiam
345 3108 529 3185 durior;›qui
548 3109 665 3185 quidem
686 3110 716 3168 iu
741 3108 923 3168 triumviratu
