1986 3450
131 414 175 475 5⁰
234 410 282 461 ou
302 410 428 461 cunum
449 409 681 470 outroumus,
696 411 766 460 ct».
783 411 822 460 rc.

133 557 310 637 singularem
323 556 479 636 potentiam
491 576 615 635 magnus
634 567 706 630 erat,
719 567 816 615 tamen
831 557 921 616 etiam

132 639 304 715 eloquentiae
338 638 482 716 quandam
516 639 741 696 mediocritatem
770 637 918 697 afferebat.

83 719 274 797 mEjusdem
291 721 349 777 sere
371 719 505 794 temporis
529 718 581 775 luit
604 738 690 795 eques
710 719 863 776 Romanus
885 719 919 776 C.

132 800 242 870 Titius,
268 801 317 876 qui
342 818 406 855 meo
427 799 536 875 judicio
560 819 594 855 eo
615 800 776 876 pervenisse
798 799 920 868 videtur,

132 901 190 958 quo
202 882 294 958 potuit
310 881 367 937 sere
383 879 502 937 Latinus
515 893 607 936 orator
622 881 684 936 siue
705 880 815 938 Graecis
829 879 920 938 literis

134 972 164 1019 et
187 964 249 1018 sine
275 959 365 1016 multo
387 979 439 1016 usu
462 961 617 1035 pervenire.
661 960 754 1035 Hujus
777 960 921 1018 orationes

134 1051 245 1098 tautum
261 1039 449 1117 argutiarum,
464 1050 574 1097 tantum
591 1041 792 1116 exemplorum,
807 1049 920 1097 tautum

135 1120 306 1179 urbanitatis
322 1120 438 1189 hubent,
453 1132 484 1176 ut
508 1139 589 1195 paeue
605 1121 702 1177 Attico
721 1121 785 1178 stilo
805 1121 920 1196 scriptae

134 1220 199 1258 esse
219 1201 380 1258 videantur.
422 1200 545 1257 Easdem
569 1201 694 1276 argutias
716 1201 744 1257 in
765 1201 921 1278 tragoedias

134 1281 205 1338 satis
218 1281 266 1338 ille
279 1281 396 1357 quidem
412 1293 496 1338 acute
517 1281 566 1336 sed
588 1300 686 1356 parum
706 1281 816 1357 tragice
830 1292 921 1338 trans·

135 1361 208 1419 tulit.
248 1360 349 1422 Quem
364 1361 496 1417 studebat
510 1361 612 1417 imitari
627 1360 660 1416 L.
674 1360 810 1417 Afranius
823 1365 920 1437 poeta,

135 1441 220 1500 homo
241 1450 412 1518 perargutus
436 1441 465 1498 iu
493 1441 595 1498 sabulis
618 1441 744 1516 quidem,
766 1441 864 1509 etiam,
890 1451 922 1500 ut

85 1533 125 1575 1⁸8
135 1523 225 1593 scitis,
238 1523 373 1580 disertus.
415 1519 483 1578 Fuit
504 1522 589 1579 etiarn
613 1520 652 1582 Q.
669 1521 798 1578 Rubrius
819 1522 920 1595 Varro,

135 1603 184 1680 qui
198 1623 215 1660 a
228 1614 330 1660 senatu
346 1601 433 1659 hostis
447 1621 513 1659 cum
535 1602 569 1658 C.
585 1599 679 1657 Mario
697 1601 842 1676 judicatus
866 1611 920 1674 est,

136 1702 202 1743 acer
216 1693 244 1740 et
257 1684 414 1740 vehemens
429 1694 586 1740 accusator.
628 1680 663 1738 ln
678 1700 713 1737 eo
727 1701 833 1758 genere
847 1701 920 1740 sane

135 1763 290 1842 probabilis
301 1764 403 1820 doctus
417 1772 512 1819 autem
525 1762 635 1821 Graecis
646 1760 734 1818 literis
745 1763 919 1838 propinquus

135 1855 242 1913 noster,
267 1844 362 1900 sactus
386 1843 420 1899 ad
443 1843 608 1914 dicendum,
630 1840 672 1897 M.
696 1842 855 1914 Gratidius,
877 1842 918 1902 M.

136 1923 257 1982 Antonii
271 1922 480 1998 perfamiliaris,
495 1922 576 1997 cujus
597 1921 748 1998 praelectus
763 1942 830 1980 curn
844 1934 922 1982 esset

136 2004 165 2062 iu
181 2003 294 2071 Cilicia,
309 2015 354 2058 est
368 2003 552 2069 interiectus3
572 2003 620 2078 qui
635 2003 781 2060 accusavit
794 2002 829 2060 0.
841 2002 921 2062 Fim-

136 2084 237 2152 briam,
254 2081 294 2140 M.
312 2081 398 2138 Marii
412 2080 574 2138 Gratidiani
589 2096 677 2157 pater.

87 2175 125 2216 mu
176 2161 286 2221 XLVI.
310 2163 405 2237 Atque
423 2162 510 2218 etiam
535 2162 609 2237 apud
635 2162 727 2219 socios
750 2171 778 2218 et
800 2161 922 2223 Latinos

135 2254 260 2304 oratores
275 2242 364 2319 habiti
385 2252 450 2298 sunt
463 2241 503 2303 Q.
520 2241 633 2299 Vettius
647 2243 798 2301 Vettianus
812 2262 829 2300 e
843 2243 923 2303 Mar·

136 2325 185 2394 sis,
199 2342 283 2401 quem
299 2322 358 2398 ipse
373 2322 502 2399 cognovi,
517 2323 641 2398 prudeus
655 2323 696 2380 vir
710 2334 738 2379 et
753 2322 781 2378 iu
797 2323 923 2383 diceudo

138 2405 247 2464 brevis:
268 2403 309 2464 Q.
323 2413 352 2460 et
366 2403 402 2461 D.
419 2403 526 2460 Valerii
547 2403 660 2474 Sorani,
675 2403 762 2459 vicini
777 2414 805 2459 et
820 2403 922 2462 semili-

138 2505 201 2545 ares
215 2484 281 2554 mei,
296 2502 352 2540 non
368 2494 425 2540 tam
440 2483 469 2539 in
484 2485 608 2541 dicendo
632 2482 813 2540 admirabiles
834 2502 922 2559 quarn

138 2565 215 2625 docti
229 2576 258 2624 et
271 2563 382 2623 Graecis
395 2563 484 2620 literis
497 2578 526 2621 et
540 2564 669 2621 Latinis:
691 2566 724 2623 C.
741 2563 922 2624 Rusticellus

138 2644 336 2714 Bononiensis,
351 2643 375 2700 is
388 2643 502 2719 quidem
524 2655 552 2702 et
574 2644 745 2702 exercitatus
769 2654 798 2700 et
818 2655 922 2704 natura

137 2727 276 2785 volubilis.
317 2725 456 2782 Omnium
471 2736 565 2782 autem
579 2723 825 2800 eloquentissimus
839 2738 922 2784 extra

138 2807 215 2863 hanc
247 2806 346 2864 urbem
375 2803 412 2861 T.
441 2804 577 2863 Betucius
610 2804 716 2862 Barrus
744 2805 920 2879 Asculanus,

138 2885 220 2962 cujus
234 2897 300 2944 sunt
319 2885 424 2962 aliquot
437 2886 579 2944 orationes
593 2885 695 2942 Asculi
710 2885 822 2944 habitae.
864 2885 921 2946 Illa

138 2965 241 3024 Rornae
264 2977 364 3025 contra
382 2964 547 3041 cepionem
571 2965 673 3023 nobilis
697 2984 776 3036 sane,
791 2965 838 3023 cui
857 2985 921 3026 ora·

138 3044 210 3104 tioui
224 3043 367 3123 Caepionis
379 3065 429 3103 ore
442 3045 586 3122 respondit
599 3045 703 3117 AElius,
718 3045 766 3122 qui
780 3046 922 3122 scriptita-

138 3127 178 3186 vit
198 3124 340 3184 orationes
360 3125 473 3195 multas,
486 3135 579 3184 orator
603 3125 662 3202 ipse
686 3145 832 3203 nunquam
856 3127 919 3190 fuit

88 3221 127 3262 tro
139 3206 227 3285 Apud
242 3205 360 3283 majores
374 3217 469 3265 autem
483 3216 592 3265 nostros
605 3207 687 3265 video
700 3206 920 3271 disertissimum

138 3287 267 3347 habitum
281 3304 317 3346 ex
329 3285 412 3346 Latio
425 3286 459 3346 L.
473 3286 618 3364 Papirium
641 3285 854 3364 Fregellanum,
868 3291 919 3351 Ti.
