1986 3450
192 214 238 264 na
260 214 386 264 cantus
408 214 636 274 consuamus,
653 215 720 266 cn.
738 217 762 265 s.
849 195 869 277 b

88 355 203 438 poribus
216 361 290 437 quod
305 360 422 418 dicendi
446 380 536 439 genus
556 361 687 440 riguerit,
702 381 738 420 ex
751 361 869 439 Thucy·

89 440 165 499 didis
175 441 300 518 scriptis,
314 442 363 516 qui
377 442 438 517 ipse
451 451 509 499 turn
526 441 588 513 luit,
610 441 730 518 intelligi
745 443 867 500 maxime

88 531 188 598 potest.
228 521 361 579 Grandes
374 533 455 580 eraut
468 521 571 595 verbis,
596 522 688 580 crebri
710 524 866 596 sententiis,

88 602 298 679 compressione
325 621 418 659 rerum
447 603 545 659 breves
570 613 599 659 et
622 603 659 661 ob
686 621 750 660 eam
777 603 867 679 ipsam
938 660 940 667 ,

88 699 207 740 causam
221 682 363 739 interdum
377 682 552 741 subobscuri.

128 761 215 820 VIII.
239 762 297 819 Sed
321 772 352 819 ut
377 763 554 827 intellectum
575 771 627 835 est,
649 772 783 838 quantam
810 761 904 821 rimso

88 841 208 901 haberet
236 852 368 906 accurata
395 852 424 900 et
451 843 527 900 t’acta
554 843 675 918 quodam
702 844 787 901 modo
805 862 868 900 ora-

87 922 140 993 tio,
166 933 227 980 tum
252 922 335 981 etiam
362 922 490 1000 magistri
517 923 632 980 dicendi
661 923 742 980 multi
774 923 868 982 subito

86 1001 265 1060 exstiterunt.
307 1004 386 1062 Tum
418 1003 576 1061 Leontinus
609 1002 739 1079 Gorgias,
773 1003 875 1061 Thra·v

87 1084 241 1158 symachus
263 1083 486 1155 Chalcedonius,
511 1083 678 1161 Protagoras
703 1083 865 1156 Abderites

88 1161 227 1222 Prodicus
254 1165 341 1235 Ceus,
364 1163 486 1242 Hippias
510 1160 599 1223 Eleus
626 1164 786 1222 inhonore
808 1182 867 1222 ma-

87 1261 147 1320 gno
178 1243 246 1316 suit;
282 1243 385 1319 aliique
427 1243 508 1301 multi
546 1243 718 1319 temporibus
757 1243 866 1302 eisdem

88 1322 192 1381 docere
213 1343 244 1381 se
266 1324 471 1401 profitebantur
492 1321 687 1400 arrogantibus
715 1341 783 1380 sane
808 1343 868 1381 ver·

88 1401 142 1475 bis,
168 1405 406 1479 quemadmodum
436 1423 524 1462 causa
554 1403 670 1461 inferior
702 1401 756 1479 (ita
790 1404 867 1460 enlm

86 1481 289 1564 loquebantur)
307 1484 431 1541 dicendo
454 1483 514 1541 lieri
536 1482 662 1558 superior
683 1488 784 1557 pbsset.
826 1482 901 1541 Iissr

85 1564 218 1640 opposuit
241 1583 305 1621 sese
329 1564 472 1633 Socrates,
497 1563 544 1638 qui
566 1561 721 1619 subtilitate
744 1562 866 1638 quadam

86 1642 252 1719 disputandi
266 1643 394 1700 refellere
414 1661 512 1699 eorum
527 1643 654 1700 instituta
668 1642 776 1701 solebat
794 1640 867 1720 [ver-

86 1722 158 1803 bis].
190 1721 284 1799 Hujus
297 1741 333 1780 ex
346 1722 496 1780 uberrimis
508 1722 685 1780 sermonibus
698 1723 866 1781 exstiterunt

85 1802 246 1861 doctissrmr
260 1821 328 1861 vrrr:
343 1803 520 1879 primumque
534 1813 593 1861 tum
607 1803 792 1880 philosophia,
807 1823 865 1862 non
884 1852 889 1863 Ι

85 1881 136 1940 illa
150 1883 185 1940 de
200 1894 310 1957 natura,
331 1903 394 1959 quae
409 1883 500 1943 suerat
513 1884 662 1959 antiquior,
676 1883 725 1940 sed
748 1885 819 1957 baec,
834 1884 864 1942 iu

85 1982 143 2038 qua
157 1963 192 2020 de
207 1964 288 2022 bonis
302 1963 386 2022 rebus
399 1973 428 2020 et
441 1964 523 2021 malis
536 1964 628 2040 deque
648 1963 793 2021 hominum
809 1965 865 2023 vita

85 2052 116 2101 et
141 2043 266 2102 moribus
289 2044 455 2120 disputatur,
484 2045 600 2101 inventa
622 2044 735 2101 dicitur.
776 2044 882 2106 Quod,

85 2123 221 2198 quoniam
235 2144 325 2201 genus
346 2124 382 2181 ab
403 2125 467 2196 hoc,
491 2125 565 2200 quod
589 2124 794 2200 proposuimus,
817 2125 866 2182 ab·

86 2203 191 2275 horret,
204 2205 384 2281 philosophos
406 2204 482 2261 aliud
508 2205 537 2262 in
549 2205 659 2280 tempus
683 2204 863 2282 rejiciamus:

86 2282 270 2356 adoratores,
286 2284 416 2359 aquibus
427 2283 545 2361 digressi
560 2303 666 2355 sumus,
681 2297 863 2343 revertamur.

86 2361 203 2423 Exstitit
216 2365 302 2443 igitur
313 2363 372 2440 jam
386 2364 502 2423 senibus
521 2364 585 2438 illis,
601 2384 671 2440 quos
687 2365 783 2441 paullo
797 2373 863 2420 ante
874 2380 901 2421 se

85 2442 220 2516 diximus,
235 2444 385 2512 Isocrates,
401 2444 482 2520 cujus
497 2445 597 2503 domus
617 2456 729 2504 cunctae
743 2443 864 2503 Graeciae

82 2524 167 2599 quasi
180 2524 263 2583 ludus
274 2524 391 2602 quidam
405 2525 495 2602 patuit
507 2535 589 2601 atque
601 2525 718 2585 officina
731 2521 864 2596 dicendi3

84 2622 210 2680 mugnus
223 2616 357 2664 oratoret
370 2605 512 2681 perfectus
527 2605 670 2683 magister,
692 2623 863 2681 quamquam

83 2683 193 2743 forensi
208 2683 271 2742 luce
294 2684 395 2756 caruit,
418 2685 547 2762 intraque
566 2687 688 2763 parietes
710 2684 779 2741 aluit
800 2704 864 2743 eam

83 2763 217 2842 gloriam,
243 2784 326 2839 quarn
347 2785 433 2823 nemo
460 2785 523 2823 meo
550 2766 663 2843 quidem
684 2764 795 2840 judicio
820 2777 864 2824 est

83 2852 184 2922 postea
195 2856 373 2904 consecutus.
410 2847 440 2903 Is
454 2857 482 2903 et
496 2847 556 2923 ipse
570 2846 682 2921 scripsit
694 2845 781 2904 multa
794 2866 864 2922 prm·

83 2923 172 2998 clare,
186 2935 216 2984 et
230 2924 327 2983 docuit
341 2926 425 2984 alios:
440 2936 546 2984 etcum
561 2937 656 2984 cetera
667 2925 768 2983 melius
778 2945 863 3002 quarn

82 3005 244 3083 superiores
257 3015 318 3064 turn
331 3006 437 3082 primus
451 3007 592 3065 intellexit
615 3004 700 3063 etiarn
725 3005 755 3064 in
772 3005 863 3064 soluta

82 3085 220 3159 oratione,
234 3087 302 3144 dum
317 3105 427 3145 versum
451 3087 603 3167 effugeres,
627 3085 745 3145 modum
766 3095 870 3142 tamen
