1986 3450
199 205 246 254 nt:
262 203 387 255 CLARIS
403 202 634 261 ORATORIBUS,
650 203 718 252 Car.
734 207 774 254 60.
841 205 882 265 65

97 358 161 407 tuto
182 369 253 427 puro
276 368 407 408 sermone
429 348 617 407 assuefactam
639 349 773 420 domuum
794 358 880 415 etseo

100 429 190 507 magis
204 432 259 489 hoc
276 430 386 507 judico,
400 429 475 505 quod
489 429 634 487 neminem
649 449 685 486 ex
699 429 733 486 iis
752 429 878 506 quidem,

97 510 147 584 qui
156 511 255 587 ,aliquo
269 511 299 575 in
325 529 442 567 numero
466 509 589 580 suerunt,
613 509 734 587 cognovi
751 509 780 566 in
801 509 878 568 omni

97 608 204 666 genere
231 592 415 649 honestarum
442 591 544 648 artium
568 601 625 647 tam
641 590 798 667 indoctum,
820 598 877 648 tam

98 671 210 728 rudem.
251 670 370 729 Nullum
399 669 446 727 ille
472 675 586 748 politam
613 680 740 741 noverat,
768 669 929 728 nullumslt

96 749 207 827 legerat
217 763 369 822 oratorem,
384 750 490 809 nullam
513 751 678 809 memoriam
703 749 879 826 antiquitatis

95 830 265 908 eollegerat,
281 850 336 888 non
360 831 506 907 publicum
524 831 582 908 jus,
605 851 662 889 non
683 832 825 909 privatum
850 844 878 888 et

97 910 185 968 civile
212 923 401 988 cognoverat3
428 931 599 988 quamquam
627 912 656 968 id
683 912 797 987 quidem
825 911 879 970 suit

95 991 187 1048 etiarn
201 991 307 1050 inaliis
321 1003 350 1050 et
368 993 479 1070 magnis
495 993 610 1068 quidem
625 993 793 1064 oratoribus,
808 1011 878 1068 quos

96 1089 199 1147 parum
214 1072 258 1130 his
271 1073 424 1130 instructos
446 1072 554 1131 artibus
574 1073 706 1150 vidimus,
730 1083 760 1130 ut
785 1072 878 1148 Sulpi·

96 1151 186 1224 cium,
201 1164 232 1210 ut
245 1153 413 1213 Antonium.
455 1153 513 1210 Sed
532 1152 553 1209 ii
572 1164 671 1210 tamen
686 1171 783 1223 ¹unum
807 1152 877 1212 illud

96 1231 243 1291 habebant
256 1233 372 1292 dicendi
395 1252 465 1309 opus
486 1233 682 1290 elaboratum·
704 1233 789 1308 idque
811 1250 878 1289 oum

96 1323 243 1402 mustaret
257 1335 293 1372 ex
305 1333 431 1391 quinque
454 1313 610 1370 notissimis
630 1313 769 1389 partibus,
794 1330 880 1371 nemo

96 1391 127 1450 in
156 1392 249 1471 aliqua
275 1405 355 1471 parte
383 1413 482 1450 earum
504 1392 622 1450 omnino
646 1392 719 1449 nihil
746 1402 876 1469 poterat·

96 1471 312 1550 iuquacunque
333 1473 410 1531 euim
425 1493 482 1531 una
500 1472 585 1548 plane
607 1471 763 1543 clauderet,
785 1482 878 1529 orator

95 1570 231 1612 essenon
246 1564 349 1630 posset.
378 1553 435 1610 Sed
451 1563 546 1610 tamen
562 1552 655 1609 alius
648 1572 677 1610 rn
690 1551 746 1608 alia
759 1552 879 1609 excelle·
888 1565 928 1607 ms

95 1631 147 1690 bat
164 1635 275 1710 magis:
295 1632 466 1708 reperiebat,
488 1632 556 1707 quid
580 1633 638 1690 diei
660 1652 731 1708 opus
753 1643 829 1690 esset
850 1642 879 1695 et

92 1715 239 1788 quomodo
253 1712 405 1789 praeparari
419 1723 447 1770 et
459 1731 514 1788 quo
527 1713 591 1776 loco
605 1713 704 1785 locari,
730 1712 878 1772 memoria·

92 1811 153 1870 que
180 1812 216 1851 ea
242 1793 502 1869 comprehendebat
528 1793 690 1851 Antonius:
719 1793 878 1852 expellebat

96 1884 193 1931 autem
229 1873 360 1932 actione:
394 1884 535 1951 erantque
559 1873 586 1931 ei
613 1875 742 1951 quaedam
770 1893 806 1933 ex
833 1873 878 1932 his

94 1953 177 2031 paria
191 1974 256 2013 cum
271 1953 386 2027 Crasso,
401 1955 530 2045 quaedam
554 1954 641 2013 etiam
663 1954 829 2032 superiora:
848 1965 878 2014 at

94 2032 194 2092 crassi
208 2035 300 2113 magis
313 2036 440 2094 enitebat
452 2035 551 2093 oratio.
573 2034 639 2094 Neo
662 2055 730 2095 vero
748 2035 877 2126 Sulpicio

95 2132 189 2190 neque
217 2117 309 2175 Cottae
337 2117 434 2174 dicere
455 2133 605 2192 possumus
627 2135 721 2192 neque
743 2115 877 2192 cuiquam

97 2192 173 2252 bono
185 2197 291 2254 oratori
305 2215 364 2254 rem
380 2196 465 2255 ullam
487 2215 523 2253 ex
537 2194 592 2253 illis
612 2195 737 2289 quinque
750 2196 877 2272 partibus

96 2272 181 2352 plane
196 2285 279 2368 atque
292 2275 410 2335 omnino
423 2275 556 2333 defuisse.
597 2277 718 2353 Itaque
710 2296 739 2335 rn
752 2276 926 2335 curionem

96 2355 153 2413 hoo
167 2356 312 2415 verissime
328 2355 453 2434 judicari
466 2366 559 2432 potest
571 2357 650 2415 nulla
663 2377 693 2415 re
708 2375 766 2416 una
785 2354 878 2431 magis

92 2445 236 2494 oratorem
250 2436 445 2496 commendari
459 2454 543 2527 quam
557 2437 706 2497 verborum
727 2435 877 2524 splendore

93 2524 127 2573 et
140 2516 237 2594 copia:
259 2536 327 2580 uam
341 2537 408 2576 cum
422 2516 542 2575 tardus
534 2536 563 2575 in
584 2518 737 2595 cogitando
760 2526 822 2572 tum
847 2513 876 2573 in

95 2594 264 2657 instruendo
288 2598 440 2674 dissipatus
468 2596 528 2654 fuit.
580 2598 644 2658 LX.
668 2597 793 2670 Reliqua
820 2593 878 2657 duo

93 2686 165 2734 suut
178 2697 261 2755 agere
275 2690 304 2737 et
324 2677 504 2737 meminisse:
525 2676 555 2735 iu
577 2689 716 2756 utroque
720 2673 877 2736 cachinnos

95 2756 275 2816 irridentium
291 2759 495 2818 commovebat.
536 2759 634 2818 Motus
652 2767 713 2816 erat
737 2755 771 2829 is,
791 2777 877 2851 quem

93 2848 126 2896 et
140 2836 174 2897 Ο.
189 2839 305 2897 Julius
298 2859 327 2897 m
341 2850 509 2916 perpetuum
524 2841 641 2910 notavit,
663 2856 728 2896 oum
749 2857 786 2896 ex
798 2858 833 2898 eo
846 2839 877 2898 in

97 2928 246 2995 utramque
257 2929 365 2996 partem
376 2929 435 2978 toto
446 2939 564 2997 oorpore
575 2885 727 2977 vacillante
738 2919 876 2996 quaesivit,

94 2999 160 3075 quis
182 3001 340 3076 loqueretur
363 3001 498 3060 elintre?
520 3011 549 3058 et
562 3001 616 3058 Cn.
633 2998 770 3071 Sicinius,
794 3001 878 3057 homo

96 3078 225 3157 impurus
238 3081 288 3139 sed
304 3080 456 3218 adppodum
469 3081 618 3152 ridiculus,
632 3098 725 3157 neque
747 3079 823 3139 aliud
846 3077 877 3136 in
