1986 3450
168 237 215 291 DE
237 241 362 292 CLARIS
382 242 749 301 ORAT0R13U8,0a1>.54.
811 245 851 305 59

74 385 239 464 animosque
251 388 390 460 omnium,
406 388 454 464 qui
477 389 604 458 aderant,
629 389 659 446 in
678 376 849 450 hilaritatem

73 470 253 527 asereritate
267 469 410 526 traduxit:
432 470 504 545 qued
520 482 562 526 est
581 489 670 527 unum
692 490 727 529 ex
747 473 848 546 tribue,

70 569 133 624 quae
148 550 206 606 dixi
223 550 258 607 ab
272 562 382 607 oratore
404 550 478 608 effici
503 552 614 609 debere.
657 550 770 610 Deinde
792 555 847 611 hoc

70 630 193 687 voluisse
216 649 292 701 eum,
320 631 367 706 qui
395 641 593 699 testamentum
631 631 755 700 fecisset,
791 634 847 692 hoc

69 712 204 784 sensisse,
219 731 331 786 quoquo
355 711 436 768 modo
461 711 534 769 fidius
556 731 612 769 non
637 724 721 788 esset,
744 712 792 788 qui
817 714 846 786 in

69 808 151 850 suam
177 792 294 853 tutelam
311 792 427 862 veniret,
442 793 500 849 sire
514 812 570 849 non
594 804 676 849 natus
697 795 757 850 sire
780 804 846 852 ante

68 870 208 938 mortuus,
236 871 340 929 Curius
367 873 447 929 heres
475 882 505 930 ut
536 884 629 943 esset;
660 874 699 931 ita
721 873 846 941 scribere

66 953 227 1028 plerosque,
241 964 269 1009 et
284 953 311 1009 id
327 952 428 1023 valere,
444 963 472 1010 et
487 953 606 1010 valuisse
621 973 738 1030 semper.
770 954 845 1014 Haee

66 1042 96 1090 et
112 1033 199 1090 multa
220 1032 356 1109 ejusmodi
379 1034 479 1090 dicens
501 1034 583 1091 fidem
607 1034 748 1104 faciebat;
768 1036 844 1112 quod

66 1123 165 1170 estex
186 1113 274 1170 tribus
298 1114 416 1171 oratoris
436 1113 537 1171 officiis
562 1115 689 1171 alterum.
730 1113 844 1174 Deinde
855 1127 892 1166 198

68 1214 179 1269 aequum
200 1195 314 1265 bonum,
330 1206 563 1251 testamentorum
578 1194 734 1251 sententias
749 1195 844 1254 velun-

68 1284 194 1350 tatesque
223 1286 331 1332 tutatus
357 1284 419 1334 est:
450 1287 557 1350 quanta
588 1285 663 1331 esset
692 1273 723 1330 in
750 1276 844 1332 verbis

66 1356 160 1431 captio
181 1374 246 1412 cum
262 1356 290 1412 in
307 1355 409 1412 ceteris
424 1355 507 1412 rebus
522 1366 581 1411 tum
604 1355 632 1411 in
657 1355 843 1429 testamentis,

64 1437 93 1505 si,
104 1435 314 1513 negligerentur
329 1435 486 1492 voluntates
495 1454 502 1504 ;
524 1447 657 1510 quantam
672 1422 725 1490 sibi
747 1443 844 1510 poten-

62 1517 132 1574 tiam
148 1515 278 1574 Scaevula
294 1524 456 1585 assumeret,
471 1515 496 1571 si
517 1533 601 1571 nemo
624 1514 740 1571 auderet
760 1525 843 1573 testa-

63 1608 192 1654 mentum
220 1595 315 1650 sacere
336 1606 432 1670 postea
459 1594 513 1651 nisi
536 1594 571 1651 de
594 1593 669 1651 illius
691 1594 840 1655 sententia.

62 1679 139 1736 Haec
154 1694 219 1731 cum
234 1674 356 1750 graviter
370 1687 429 1730 tum
445 1675 480 1730 ab
494 1675 629 1752 exemplis
644 1674 757 1750 copiose
780 1685 840 1735 tum

60 1756 141 1815 rarie
156 1766 214 1811 tum
230 1754 314 1811 etiam
330 1754 454 1824 ridicule¹
462 1765 490 1812 et
504 1756 595 1813 facete
615 1756 761 1832 explicans
775 1775 839 1814 eam

62 1836 279 1895 admirationem
295 1835 541 1912 assensionemque
557 1836 716 1906 commovit,
732 1836 838 1896 dixisse

62 1927 93 1976 ut
121 1927 220 1975 contra
242 1930 325 1973 nemo
354 1916 502 1974 rideretur.
543 1915 610 1973 Hoc
637 1929 697 1975 erat
719 1918 838 1976 oratoris

60 1998 185 2056 officium
207 1987 361 2073 'partitione
389 1997 512 2067 tertium,
539 2016 645 2074 genere
673 1997 836 2055 maximum.

61 2079 121 2137 Hic
136 2078 181 2135 ille
196 2079 231 2135 de
245 2076 348 2153 populo
364 2076 460 2152 judex,
474 2077 521 2152 qui
544 2077 695 2153 separatim
718 2078 836 2137 alterum

61 2159 216 2216 admiratus
245 2169 329 2228 esset,
357 2156 432 2213 idern
458 2157 555 2214 audite
579 2157 666 2214 altere
696 2157 835 2235 judicium

59 2257 142 2296 suum
157 2246 368 2295 contemneret:
392 2249 419 2293 at
433 2257 498 2294 vero
512 2237 673 2314 intelligens
687 2250 715 2296 et
736 2239 836 2296 doctus

58 2319 178 2377 audiens
193 2318 348 2378 Scaevolam
364 2316 481 2374 sentiret
494 2336 555 2374 esse
566 2319 705 2394 quoddam
721 2318 836 2376 uberius

58 2399 176 2456 dicendi
190 2419 280 2476 genus
302 2409 330 2455 et
350 2396 484 2455 ornatius
526 2398 573 2455 Ab
597 2413 714 2474 utroque
739 2409 834 2455 autern

58 2499 147 2538 causa
173 2492 302 2556 perorata
329 2479 353 2535 si
379 2488 560 2554 quaereretur,
592 2490 653 2537 uter
689 2485 835 2555 praestaret

55 2570 162 2630 orator,
185 2579 328 2636 nunquam
353 2558 478 2635 profecto
499 2558 634 2634 sapientis
651 2559 793 2636 judicium
818 2576 835 2616 a

53 2639 164 2717 judicio
191 2642 267 2718 vulgi
294 2640 475 2716 discreparet.
526 2639 603 2698 LIV.
632 2639 695 2702 Qui
721 2648 834 2714 praestat
845 2646 883 2686 ¹9⁹

56 2720 143 2812 igitur
157 2721 317 2798 intelligens
332 2720 482 2797 imperito?
503 2740 607 2798 magna
620 2740 650 2778 re
665 2733 693 2776 et
707 2719 832 2792 difficili;

57 2821 81 2859 ar
93 2800 206 2877 quidem
220 2821 354 2878 magnum
368 2811 410 2860 est
424 2800 508 2873 scire,
520 2801 621 2877 quibus
632 2800 716 2857 rebus
729 2800 835 2859 efficia-

41 2892 100 2945 ,tur
116 2882 295 2940 amittaturve
310 2882 431 2940 dicendo
446 2882 525 2955 illud,
540 2879 675 2958 quidquid
691 2890 743 2953 ast,
758 2882 832 2959 qued

55 2974 104 3020 aut
118 2963 193 3020 effici
208 2963 331 3020 dicendo
344 2971 460 3038 oportet,
477 2974 525 3021 aut
539 2961 630 3018 amitti
644 2980 700 3019 non
714 2970 830 3039 oportet.

54 3042 174 3102 Praestat
187 3044 272 3101 etiam
288 3043 335 3102 illo
352 3043 451 3102 doctus
476 3042 586 3101 auditor
608 3041 732 3117 indocto,
757 3040 831 3118 qued

52 3142 139 3202 sepe,
154 3143 220 3182 cum
234 3134 358 3183 oratores
371 3123 427 3182 duo
442 3134 490 3182 aut
502 3124 597 3202 plures
609 3124 711 3203 popuii
725 3121 839 3200 iudicio
