1986 3450
134 217 174 277 96
233 215 280 265 DE
302 216 428 266 CLARIS
452 216 681 275 ORATORIBUS,
697 217 766 266 Car.
783 217 824 265 88.

75 364 78 371 '
135 361 165 420 in
179 361 312 422 Cumano
327 364 418 422 autin
433 361 603 421 Tusculano
622 361 783 439 aliquando,
799 361 927 423 simodo

135 442 249 513 licebit;
271 444 404 521 quoniam
431 455 550 518 utroque
572 443 600 500 in
620 442 686 500 loco
700 443 787 501 vicini
812 461 924 502 sumus.

137 523 195 581 Sed
206 523 265 599 jam
282 524 316 581 ad
332 524 371 593 id,
386 523 463 599 unde
477 523 598 599 digressi
613 543 722 594 sumus,
736 533 925 582 revertamur.

86 613 124 653 ³⁰1
176 603 382 662 LXXXVIII.
405 602 577 660 Hortensius
605 603 701 680 igitur,
731 621 798 661 cum
827 603 926 661 admo-

136 683 204 742 dum
220 684 385 742 adolescens
398 702 479 741 orsus
493 692 568 740 esset
582 683 612 741 in
627 684 689 741 foro
703 683 811 755 dicere,
823 683 927 762 celeri·

136 773 179 823 ter
209 765 244 822 ad
272 763 394 839 majores
427 777 531 821 causas
567 763 696 821 adhiberi
727 772 840 840 coeptus
864 773 925 837 est;

136 862 307 920 quamquam
322 843 464 901 inciderat
477 844 506 901 in
521 845 613 902 Cottae
624 855 652 901 et
665 843 787 922 Sulpicii
799 854 924 917 atatem,

136 924 185 1000 qui
200 923 283 980 annis
296 923 398 982 decem
420 923 544 999 majores
562 924 722 999 excellente
741 925 925 984 temerasse

138 1013 167 1062 et
181 1003 310 1061 Antonio
336 1004 440 1061 deinde
463 1004 595 1080 Philippo
616 1015 679 1080 post
702 1004 780 1063 lulio
797 1023 866 1062 cum
891 1005 926 1064 iis

138 1083 206 1162 ipsis
233 1084 350 1142 dicendi
377 1085 469 1161 gloria
501 1086 749 1160 comparabantur.
793 1085 924 1144 Primum

138 1165 275 1222 memoria
288 1175 377 1236 tanta,
391 1173 526 1240 quantam
552 1166 580 1223 in
596 1165 675 1223 nullo
689 1166 860 1244 cognovisse
879 1185 925 1224 me

139 1245 267 1316 arbitror,
282 1257 323 1317 ut,
338 1265 400 1322 quae
411 1277 413 1281 ·
424 1264 522 1303 secum
546 1257 755 1309 commentatus
778 1256 868 1319 esset,
890 1266 926 1306 ea

138 1325 200 1384 sine
214 1325 319 1403 scripto
333 1325 426 1384 verbis
439 1325 548 1384 eisdem
574 1326 715 1398 redderet,
728 1327 831 1402 quibus
846 1328 926 1405 cogi·

138 1406 260 1466 trivisset.
303 1407 369 1464 Hoc
384 1405 548 1481 adjumento
562 1406 609 1464 ille
622 1416 707 1463 tanto
723 1407 765 1463 sic
779 1407 925 1480 utebatur,

138 1497 170 1545 ut
180 1506 234 1544 sua
245 1499 274 1546 et
288 1497 480 1545 commentata
494 1498 523 1543 et
537 1487 642 1563 scripta
653 1495 682 1543 et
693 1485 770 1543 nullo
781 1486 925 1546 referente

88 1579 128 1622 ³⁰2
138 1567 235 1625 omnia
249 1567 472 1625 adversariorum
487 1567 565 1625 dicta
579 1566 762 1641 meminisset
795 1567 927 1626 Ardebat

140 1659 234 1704 antem
260 1647 416 1723 cupiditate
441 1647 493 1715 sic,
516 1659 547 1705 nt
571 1646 600 1704 in
623 1646 702 1704 nullo
725 1665 853 1722 unquam
874 1646 927 1704 da·

138 1727 267 1803 grantius
281 1727 406 1785 studium
420 1727 556 1804 viderim:
579 1726 688 1785 nullum
706 1726 783 1787 eninr
797 1727 926 1803 patieba-

139 1814 184 1864 tur
197 1825 260 1864 esse
274 1806 360 1878 diem,
371 1807 440 1882 quin
456 1816 504 1864 aut
519 1807 554 1865 in·
564 1807 623 1865 loro
636 1807 755 1878 diceret,
771 1818 820 1864 aut
836 1808 927 1867 medi·

138 1895 245 1944 teretur
260 1898 339 1944 extra
354 1887 461 1944 sorum:
482 1887 637 1962 saepissime
652 1898 746 1945 antem
761 1887 863 1945 eodem
879 1888 927 1946 die

139 1976 289 2042 utrumque
309 1966 442 2023 faciebat.
492 1966 691 2043 Attuleratque
719 1966 837 2025 minime
868 1968 928 2028 vul·

139 2063 208 2122 gare
235 2065 326 2123 genus
355 2045 490 2104 dicendi:
518 2047 589 2104 duas
620 2049 737 2124 quidem
771 2067 826 2118 res,
854 2068 927 2126 quas

140 2143 224 2183 nemo
239 2126 324 2197 alius;
346 2127 522 2203 partitiones,
537 2127 639 2202 quibus
653 2127 785 2185 derebus
796 2128 928 2188 dicturus

140 2216 225 2274 esset,
240 2217 269 2264 et
283 2207 478 2283 collectiones,
494 2226 602 2266 memor
615 2219 645 2266 et
657 2227 720 2283 qnae
735 2209 927 2269 essentdicta

90 2307 130 2348 aaa
141 2299 251 2358 contra,
265 2307 384 2364 quaeque
399 2289 458 2365 ipse
472 2289 598 2347 dixisset.
639 2287 709 2347 Erat
727 2288 757 2345 in
772 2288 926 2348 verborum

141 2369 290 2447 splendore
312 2369 438 2445 elegans,
453 2368 656 2444 compositione
681 2379 774 2445 aptus,
789 2368 930 2429 facultate

142 2449 288 2526 copiosus3
311 2467 400 2524 eaque
421 2460 484 2506 erat
507 2469 574 2516 cum
598 2466 709 2506 summo
733 2448 851 2525 ingenio
865 2461 929 2509 tum

142 2529 393 2588 exercitationibus
405 2529 535 2589 maximis
545 2537 726 2587 consecutus.
761 2528 838 2587 Rem
850 2549 931 2588 com-

142 2608 318 2684 plectebatur
333 2609 505 2682 memoriter,
519 2608 664 2667 dividebat
677 2620 772 2681 acute,
786 2628 842 2667 nec
855 2629 930 2685 prae-

143 2690 316 2748 termittebat
330 2689 388 2747 sere
406 2690 569 2766 quidquam,
583 2690 658 2764 quod
683 2703 757 2749 esset
782 2689 812 2747 in
835 2709 928 2750 causa

143 2776 193 2824 aut
207 2769 242 2824 ad
257 2769 484 2839 confirmandum
500 2770 597 2829 autad
619 2769 815 2829 refellendum.
858 2771 928 2830 Vox

143 2866 250 2906 canora
278 2862 306 2907 et
328 2850 439 2909 suavis:
461 2860 553 2908 motus
576 2861 605 2907 et
628 2860 726 2940 gestus
752 2849 841 2908 etiarn
862 2851 928 2927 plus

143 2927 211 2986 artis
224 2928 347 2988 habebat
360 2949 446 3008 quam
459 2940 520 2990 erat
533 2941 636 2988 oraton
650 2930 727 2989 satis.
752 2929 828 3004 [Hoc
840 2930 929 3008 igitur

143 3008 311 3067 florescente
334 3011 456 3069 Crassus
479 3018 523 3068 est
550 3021 686 3082 mortuus,
709 3009 793 3070 Cotta
815 3011 929 3088 pulsus,

140 3088 250 3166 judicia
264 3089 427 3152 intermissa
450 3090 535 3164 bello,
549 3109 602 3151 nos
624 3092 654 3150 in
665 3091 771 3152 lorum
784 3090 930 3154 redimus.
