1986 3450
196 221 243 270 nu
265 220 392 271 costus
415 220 646 278 onuromuus,
663 221 731 270 cnr.
748 214 787 270 s'r.
825 207 888 280 'on

101 366 243 444 Lysippus
257 368 361 438 aiebat,
376 368 419 426 sic
432 378 463 425 tu
488 366 650 424 suasionem
672 366 744 444 l'egis
756 366 886 428 Serviliae

101 448 152 505 tibi
168 450 332 526 magistram
348 449 444 506 luisse.
486 447 560 507 Haec
574 463 713 526 germana
728 449 822 505 ironia
832 457 885 505 est.

100 530 160 587 Cur
176 529 216 586 ita
229 531 361 601 sentiam,
376 548 432 586 non
447 528 552 605 dicem,
567 549 604 586 ne
620 547 665 586 me
680 528 731 584 tibi
748 528 885 586 assentari

99 624 189 686 putes.
231 609 342 667 Omitto
363 610 459 687 igitur,
473 629 536 685 quae
550 608 597 666 de.
610 609 656 665 his
678 608 833 685 ipsis,'quae
849 609 884 667 de
895 620 935 660 29⁷

99 689 195 757 Cotta,
219 709 282 766 quae
305 691 341 747 de
364 689 502 767 Sulpicio,
526 694 588 766 quae
616 689 713 746 modo»
728 689 885 751 de.Coelio

98 770 223 832 dixeris:
246 772 275 828 hi
289 771 366 831 euim
381 771 495 828 suerunt
516 781 594 828 certe
617 781 763 839 oratores3
784 768 884 845 quenti

99 860 242 908 autemst
265 851 373 927 quales,
387 862 417 909 tu
440 847 553 911 rideris.
594 850 672 908 Nam
697 849 766 907 illud
788 849 885 908 minus
963 855 965 858 ’

98 930 180 1001 curo,
194 932 268 1005 quod
283 932 450 1008 congessisti
465 932 608 1008 operarios
629 950 745 1001 omnes;
766 941 798 988 ut
813 931 884 988 milri

97 1010 248 1070 videantur
269 1012 339 1069 mori
364 1013 485 1071 voluisse
496 1011 640 1079 nonnulli,
656 1024 687 1068 ut
704 1031 722 1069 a
737 1022 764 1068 te
779 1011 808 1068 iu
822 1030 885 1069 ora·
922 1022 926 1033 '

98 1104 191 1148 torum
207 1111 356 1150 numerum
370 1094 550 1151 reserrentur.
592 1089 782 1159 LXXXVII.
809 1091 883 1151 Haeo

98 1190 166 1229 cum
181 1172 233 1229 ille
241 1173 368 1243 dixisset,
384 1173 477 1250 Longi
493 1174 639 1231 sermonis
663 1171 776 1228 initium
798 1190 884 1249 pepu-

98 1251 195 1323 listi,
183 1263 313 1328 rn'‚quam
334 1254 459 1324 Attice;
456 1272 603 1343 remque
611 1251 788 1309 commovisti
810 1270 883 1308 nova

96 1332 287 1408 disputatione
321 1335 450 1410 dignam,
477 1333 563 1410 quam
596 1334 626 1389 in
662 1330 737 1388 aliud
772 1341 883 1406 tempus

97 1413 268 1471 differamus.
291 1414 435 1471 Volvendi
445 1415 525 1471 enim
532 1421 600 1470 sunt
608 1409 672 1470 libri
684 1430 751 1468 cum
763 1410 882 1472 aliorum
893 1422 933 1463 ms

95 1502 155 1550 turn
184 1494 324 1570 imprimis
352 1494 480 1551 Catonis.
532 1492 681 1569 Intelliges
708 1491 779 1547 nihil
807 1491 884 1549 illius

95 1573 314 1631 lineamentis
287 1574 342 1630 nrsi
354 1593 451 1631 eorum
463 1573 682 1650 pigmentorum,
692 1591 754 1647 quae
767 1572 883 1630 inventa

95 1653 223 1710 nondum
237 1665 329 1722 erant,
341 1652 439 1711 florem
450 1666 478 1711 et
492 1655 615 1711 colorem
630 1653 764 1710 defuisse.
803 1651 833 1709 N
836 1671 881 1710 am

94 1733 131 1789 de
159 1734 256 1791 Crassi
281 1735 407 1792 oratione
430 1734 472 1791 sic
495 1735 627 1793 existimo
648 1734 740 1809 ipsum
761 1733 881 1791 fortasse

95 1813 198 1870 melius
209 1814 333 1890 potuisse
347 1815 482 1885 scribere,
498 1815 595 1885 alium,
607 1825 638 1872 ut
650 1814 779 1881 arbitror,
791 1815 882 1872 nemi·

95 1913 172 1951 nem.
215 1893 281 1951 Nec
303 1895 331 1952 in
359 1896 412 1952 boc
436 1895 555 1954 ironiam
580 1894 687 1955 dixeris
710 1913 783 1964 esse,
805 1895 880 1971 quod

94 1993 159 2032 eam
173 1974 330 2033 orationem
355 1976 425 2039 mihi
447 1977 612 2054 magistram
633 1976 720 2034 suisse
741 1975 879 2038 dixerim:

95 2073 162 2111 nam
176 2056 230 2113 etsi
244 2070 274 2113 tu
300 2056 401 2114 melius
421 2056 584 2114 existimare
606 2056 711 2114 rideris
735 2056 772 2113 de
796 2075 841 2126 ea,
855 2055 880 2113 si
918 2091 923 2106 .

94 2153 179 2211 quarn
208 2153 287 2194 nuuc
314 2137 461 2207 habemus,
490 2137 637 2208 facultate,
662 2147 758 2194 tamen
786 2136 880 2193 adole·

94 2225 219 2287 scentes,
234 2216 346 2293 quidm
372 2216 483 2274 Latinis
497 2218 598 2294 potius
620 2217 806 2286 imitaremur,
821 2233 878 2273 non

95 2295 281 2355 habebamus.
321 2296 411 2358 Quod
427 2308 522 2355 autem
544 2297 640 2375 plures
662 2297 774 2355 anobis
788 2294 878 2352 nomi·
866 2306 929 2347 -aao

94 2375 155 2433 nati
170 2388 246 2448 sunt,
260 2397 295 2435 eo
308 2377 453 2454 pertinuit,
468 2387 499 2434 ut
512 2378 609 2468 paullo
631 2388 697 2436 aute
719 2376 788 2445 dixi,
803 2374 878 2464 quod

94 2455 216 2535 intelligi
239 2423 357 2528 'volui'
350 2477 379 2514 tn
405 2477 457 2548 eo,
472 2457 554 2534 cujus
576 2478 678 2516 omnes
700 2452 878 2532 cupidissimi

93 2550 201 2608 essent,
230 2557 316 2614 quarn
342 2539 429 2614 pauci
457 2538 537 2615 digni
560 2540 686 2597 nomine
714 2534 876 2594 evaderent

93 2615 196 2677 Quare
218 2634 303 2693 εἰρωνα
324 2638 382 2691 me,—
402 2619 479 2677 nesi
500 2619 655 2677 Africanus
676 2617 792 2709 quidem
815 2615 878 2687 fuit,

94 2706 127 2753 ut
142 2697 180 2754 ait
194 2697 223 2755 in
240 2699 357 2758 historia
379 2719 431 2758 sua
453 2700 487 2757 C.
503 2698 642 2772 Fannius,
658 2696 814 2755 existimari
833 2716 879 2755 ve·

92 2775 153 2833 lim.
195 2777 234 2835 Ut
258 2779 450 2856 voles,iuquit
470 2780 594 2839 Atticus.
637 2779 700 2856 Ego
720 2777 797 2836 enim
820 2796 878 2836 non

94 2857 220 2915 alienum
236 2879 253 2916 a
267 2872 294 2916 te
309 2862 453 2937 putabam,
468 2862 543 2936 quod
565 2872 594 2919 et
619 2859 648 2916 in
674 2859 814 2919 Africano
836 2858 879 2915 fu·

92 2937 162 2995 isset
176 2949 206 2996 et
230 2939 259 2996 in
283 2940 410 3000 Socrate.
453 2941 531 2999 Tum
557 2941 672 3011 Brutus,
688 2939 762 2998 De
755 2951 809 2999 rsto
829 2949 928 3014 ptr-³⁰⁰

92 3028 174 3076 stes:
195 3020 246 3077 sed
261 3030 291 3078 tu
295 3021 409 3098 ,inquit
430 3041 476 3080 me
491 3022 616 3113 intuens,
629 3021 773 3080 orationes
794 3015 878 3077 nobis

93 3109 205 3158 veteres
224 3067 401 3180 explicabisl
423 3101 553 3179 Vero,
546 3119 673 3178 mquam,
697 3102 804 3170 Brute3
825 3097 877 3157 sed
