1986 3450
140 209 176 266 12
246 206 292 254 na
317 204 442 254 cussis
464 203 692 262 casroamus,
708 205 776 253 cn».
795 207 833 253 11.

148 351 350 428 perantiquus3
372 360 402 409 ut
417 350 489 427 apud
505 350 708 420 Athenienses,
722 369 780 408 non
801 349 841 407 ita
857 368 929 409 saue

148 442 237 490 retus.
278 430 346 489 Fuit
359 430 437 489 enim
460 441 599 506 regnante
620 431 679 507 jam
693 430 817 498 Graecia,
832 439 930 489 nostra

150 523 244 569 autem
267 512 381 569 civitate
406 529 463 568 nou
485 511 525 568 ita
547 511 656 586 pridem
681 511 828 569 dominatu
850 512 929 589 regio

148 591 275 650 liberata.
317 591 394 648 Nam
408 591 512 648 bellum
527 591 695 648 Volscorum
714 591 782 649 illud
797 591 928 667 gravissi·

148 672 236 741 mum,
252 672 299 729 cui
313 671 484 730 Coriolanus
499 672 577 728 exsul
601 671 738 741 interfuit,
753 672 853 729 eodem
869 671 929 730 sere

148 762 283 828 tempore,
304 771 362 827 quo·
381 751 531 809 Persarum
559 751 674 822 bellum,
696 751 750 808 suit
773 750 929 828 similisque

112 832 261 890 mfcrtuna
288 832 427 890 clarorum
454 831 591 889 virorum:
612 832 637 888 si
658 830 772 906 quidem
798 840 928 906 uterque,

148 930 214 969 eum
230 910 300 970 civis
314 912 445 989 egregius
460 912 568 982 suisset,
582 912 677 988 populi
702 911 806 990 ingrati
829 911 929 988 pulsus

148 990 253 1067 injuria
266 1011 296 1050 se
310 993 346 1050 ad
360 993 455 1057 hostes
470 990 599 1063 contulit,
613 1003 802 1068 conatumque
816 991 929 1050 iracun-

148 1072 202 1131 diae
216 1092 275 1132 suae
290 1083 378 1131 morte
391 1072 515 1130 sedarit:
536 1091 604 1129 nam
623 1070 675 1129 etsi
700 1071 780 1130 aliter
794 1081 838 1130 est
852 1072 928 1150 apud

147 1160 186 1223 te,
214 1153 322 1225 Attice,
350 1152 386 1210 de
418 1152 582 1224 Coriolano,
608 1151 737 1210 concede
762 1162 868 1224 tamen,
896 1162 929 1211 ut

148 1231 217 1291 huic
230 1233 329 1311 generi
342 1232 440 1290 mortis
452 1232 545 1309 potius
560 1232 706 1290 assentiar.
747 1231 802 1292 XI.
824 1233 865 1290 At
878 1231 928 1292 ille

147 1312 254 1382 ridens,
281 1312 349 1371 Tuo
374 1326 463 1384 vero,
479 1312 580 1388 inquit,
608 1312 763 1371 arbitratu:
793 1313 928 1389 quoniam

148 1393 261 1471 quidem
288 1411 457 1451 concessum
483 1403 527 1450 est
552 1392 711 1452 rhetoribus
738 1392 870 1452 ementiri
896 1392 928 1452 in

149 1473 281 1544 historiis,
296 1485 327 1532 ut
341 1474 446 1549 aliquid
465 1473 561 1531 dicere
582 1473 691 1550 possint
712 1473 847 1552 argutius.
888 1472 929 1531 Ut

147 1554 225 1613 enim
247 1563 278 1613 tu
302 1573 380 1613 nuno
402 1555 438 1611 de
459 1553 620 1626 Coriolano,
635 1553 677 1610 sic
697 1553 869 1624 Clitarchus,
884 1553 928 1612 sic

111 1633 303 1692 rsStratocles
330 1635 366 1691 de
392 1633 588 1693 Themistocle
610 1633 698 1692 linxit.
738 1632 817 1692 Nam
842 1653 928 1709 quem

147 1712 345 1788 Thucydides,
358 1713 406 1788 qui
429 1722 458 1770 et
482 1713 667 1771 Atheniensis
690 1726 752 1771 erat
775 1723 806 1771 et
816 1732 928 1772 summo

147 1791 209 1850 loco
223 1803 307 1849 natus
321 1812 502 1868 summusque
517 1794 557 1851 tir
579 1803 608 1850 et
621 1793 715 1870 paullo
736 1802 819 1852 aetate
836 1804 929 1870 poste-

147 1871 213 1944 rior,
227 1881 338 1929 tantum
352 1883 493 1930 mortuum
507 1873 619 1949 scripsit
642 1885 670 1931 et
695 1874 723 1931 in
738 1872 837 1932 Attica
851 1874 928 1932 clam

148 1952 313 2011 humatum·
342 1953 452 2009 addidit
480 1953 566 2011 fuisse
600 1954 788 2044 suspicionem
815 1971 928 2014 veneno

148 2030 202 2088 sibi
227 2032 397 2111 conscivisse
422 2043 556 2090 mortem:
578 2033 685 2092 hunc
678 2034 724 2092 rsti
746 2033 836 2104 aiunt,
858 2053 927 2092 cum

147 2099 259 2172 tauruin
275 2112 474 2171 immolavisset
476 2113 644 2191 ,excepisse
666 2114 835 2192 sanguinem
848 2123 928 2191 pate·

147 2210 188 2263 ra,
204 2204 232 2249 et
246 2212 280 2250 eo
292 2204 359 2268 poto
373 2204 513 2252 mortuum
538 2194 706 2252 concidisse.
747 2194 835 2253 Hanc
849 2193 927 2252 euim

148 2284 265 2331 mortem
285 2273 424 2332 rhetorice
448 2285 476 2332 et
499 2275 608 2353 tragioe
635 2293 736 2335 ornare
757 2285 926 2365 potueruut:

147 2351 197 2412 illa
224 2372 298 2411 mors
324 2354 447 2431 vulgaris
474 2354 581 2413 nullam
607 2355 751 2431 praebebat
777 2354 927 2413 materiem

148 2434 183 2492 ad
205 2444 345 2492 ornatum.
386 2433 497 2506 Quare,
519 2434 654 2511 quoniam
672 2435 723 2493 tibi
744 2434 784 2493 ita
804 2435 926 2511 quadrat

146 2514 243 2572 omnia
263 2513 376 2572 fuisse
370 2534 399 2571 m
414 2514 609 2574 'lhemistocle
622 2516 701 2592 paria
720 2525 749 2573 et
763 2515 927 2588 Coriolano,

147 2605 273 2669 pateram
299 2614 409 2671 quoque
437 2615 454 2652 a
480 2614 525 2653 me
557 2615 652 2654 sumas
675 2595 766 2655 licet:
795 2595 929 2672 praebebo

147 2673 233 2731 etiam
247 2675 378 2746 hostiam,
391 2685 421 2732 ut
435 2675 603 2734 Coriolanus
616 2677 652 2734 sit
665 2676 750 2754 plane
764 2675 833 2735 alter
848 2674 927 2734 The·

110 2752 291 2812 “mistocles
342 2754 387 2813 Sit
406 2773 486 2826 sane,
500 2755 626 2832 inquam,
640 2767 671 2814 ut
690 2756 779 2829 lubet,
795 2755 832 2814 de
852 2756 926 2813 isto:

147 2843 177 2889 et
187 2851 240 2909 ego
250 2835 362 2894 cautius
373 2836 490 2912 posthac
501 2836 646 2894 historiam
658 2836 795 2915 attingam
806 2845 834 2893 te
845 2835 928 2893 audi·

147 2921 223 2982 ente,
237 2932 320 2988 quern
335 2934 429 2974 rerum
443 2915 639 2974 Romanarum
654 2928 796 2976 auctorem
807 2915 927 2974 laudare

146 3012 261 3070 possum
275 2995 527 3072 religiosissimum.
568 2996 626 3054 Sed
641 3008 701 3057 tum
715 2998 773 3056 fere
787 2995 925 3069 Pericles,

147 3072 307 3151 Xanthippi
320 3076 405 3146 filius,
419 3077 455 3134 de
474 3096 530 3154 quo
550 3087 616 3136 ante
635 3077 705 3150 diri,
718 3078 827 3155 primus
847 3076 928 3135 adhi-

140 3152 206 3213 burt
216 3154 397 3218 docuinam
417 3176 482 3237 que
493 3177 665 3238 quamquam
684 3169 746 3219 turn
767 3157 846 3218 nulla
863 3165 929 3218 erat
