<?xml version="1.0" encoding="UTF-8"?>
<!DOCTYPE html PUBLIC "-//W3C//DTD XHTML 1.0 Transitional//EN"
    "http://www.w3.org/TR/xhtml1/DTD/xhtml1-transitional.dtd">
<html xmlns="http://www.w3.org/1999/xhtml" xml:lang="en" lang="en">
 <head>
  <title>
</title>
<meta http-equiv="Content-Type" content="text/html;charset=utf-8" />
  <meta name='ocr-system' content='tesseract 3.04.00' />
  <meta name='ocr-capabilities' content='ocr_page ocr_carea ocr_par ocr_line ocrx_word'/>
</head>
<body>
  <div class='ocr_page' id='page_1' title='image "./declarisoratori00cicegoog_0092.png"; bbox 0 0 1986 3450; ppageno 0'>
   <div class='ocr_carea' id='block_1_1' title="bbox 190 222 881 291">
    <p class='ocr_par' dir='ltr' id='par_1_1' title="bbox 190 222 881 291">
     <span class='ocr_line' id='line_1_1' title="bbox 190 222 881 291; baseline 0.009 -16"><span class='ocrx_word' id='word_1_1' title='bbox 190 222 238 275; x_wconf 85' lang='lat' dir='ltr'>DE</span> <span class='ocrx_word' id='word_1_2' title='bbox 260 227 386 277; x_wconf 78' lang='lat' dir='ltr'><strong>CLARIS</strong></span> <span class='ocrx_word' id='word_1_3' title='bbox 408 227 725 289; x_wconf 72' lang='lat' dir='ltr'>ORATORIBUS,CA1³.</span> <span class='ocrx_word' id='word_1_4' title='bbox 741 231 781 280; x_wconf 75' lang='grc'>69.</span> <span class='ocrx_word' id='word_1_5' title='bbox 841 232 881 291; x_wconf 83' lang='grc'>75</span> 
     </span>
    </p>
   </div>
   <div class='ocr_carea' id='block_1_2' title="bbox 93 370 930 3039">
    <p class='ocr_par' dir='ltr' id='par_1_2' title="bbox 93 370 930 3024">
     <span class='ocr_line' id='line_1_2' title="bbox 96 370 878 452; baseline 0.009 -25"><span class='ocrx_word' id='word_1_6' title='bbox 96 370 235 444; x_wconf 87' lang='lat' dir='ltr'>doctrina,</span> <span class='ocrx_word' id='word_1_7' title='bbox 248 373 410 433; x_wconf 81' lang='lat' dir='ltr'>incredibili</span> <span class='ocrx_word' id='word_1_8' title='bbox 424 375 520 434; x_wconf 88' lang='lat' dir='ltr'>labore</span> <span class='ocrx_word' id='word_1_9' title='bbox 531 386 616 452; x_wconf 87' lang='lat' dir='ltr'>atque</span> <span class='ocrx_word' id='word_1_10' title='bbox 627 375 782 447; x_wconf 88' lang='lat' dir='ltr'>industria;</span> <span class='ocrx_word' id='word_1_11' title='bbox 802 376 878 452; x_wconf 92' lang='lat' dir='ltr'>quod</span> 
     </span>
     <span class='ocr_line' id='line_1_3' title="bbox 96 455 879 529; baseline 0.008 -21"><span class='ocrx_word' id='word_1_12' title='bbox 96 469 171 509; x_wconf 83' lang='lat' dir='ltr'>scire</span> <span class='ocrx_word' id='word_1_13' title='bbox 184 472 315 529; x_wconf 90' lang='lat' dir='ltr'>possum</span> <span class='ocrx_word' id='word_1_14' title='bbox 337 455 391 512; x_wconf 83' lang='lat' dir='ltr'>furt</span> <span class='ocrx_word' id='word_1_15' title='bbox 404 475 481 513; x_wconf 86' lang='lat' dir='ltr'>eorm</span> <span class='ocrx_word' id='word_1_16' title='bbox 503 475 616 514; x_wconf 91' lang='lat' dir='ltr'>mecum</span> <span class='ocrx_word' id='word_1_17' title='bbox 639 467 756 514; x_wconf 90' lang='lat' dir='ltr'>etcum</span> <span class='ocrx_word' id='word_1_18' title='bbox 777 456 817 514; x_wconf 92' lang='lat' dir='ltr'>M</span> <span class='ocrx_word' id='word_1_19' title='bbox 833 456 879 514; x_wconf 87' lang='lat' dir='ltr'>Pi·</span> 
     </span>
     <span class='ocr_line' id='line_1_4' title="bbox 95 535 878 628; baseline 0.006 -39"><span class='ocrx_word' id='word_1_20' title='bbox 95 548 165 589; x_wconf 88' lang='lat' dir='ltr'>sone</span> <span class='ocrx_word' id='word_1_21' title='bbox 176 552 241 591; x_wconf 89' lang='lat' dir='ltr'>cum</span> <span class='ocrx_word' id='word_1_22' title='bbox 252 535 378 592; x_wconf 88' lang='lat' dir='ltr'>amicitia</span> <span class='ocrx_word' id='word_1_23' title='bbox 389 547 448 594; x_wconf 90' lang='lat' dir='ltr'>tum</span> <span class='ocrx_word' id='word_1_24' title='bbox 460 537 563 594; x_wconf 86' lang='lat' dir='ltr'>studiis</span> <span class='ocrx_word' id='word_1_25' title='bbox 571 536 878 628; x_wconf 81' lang='lat' dir='ltr'>exercitationibusque</span> 
     </span>
     <span class='ocr_line' id='line_1_5' title="bbox 96 612 879 708; baseline 0.006 -38"><span class='ocrx_word' id='word_1_26' title='bbox 96 612 276 688; x_wconf 89' lang='lat' dir='ltr'>conjunctus</span> <span class='ocrx_word' id='word_1_27' title='bbox 318 615 413 708; x_wconf 88' lang='lat' dir='ltr'>Hujus</span> <span class='ocrx_word' id='word_1_28' title='bbox 434 617 511 674; x_wconf 91' lang='lat' dir='ltr'>actio</span> <span class='ocrx_word' id='word_1_29' title='bbox 533 637 587 675; x_wconf 90' lang='lat' dir='ltr'>non</span> <span class='ocrx_word' id='word_1_30' title='bbox 613 618 681 675; x_wconf 87' lang='lat' dir='ltr'>satis</span> <span class='ocrx_word' id='word_1_31' title='bbox 697 618 879 675; x_wconf 88' lang='lat' dir='ltr'>commenda·</span> 
     </span>
     <span class='ocr_line' id='line_1_6' title="bbox 96 692 877 774; baseline 0.009 -25"><span class='ocrx_word' id='word_1_32' title='bbox 96 692 145 750; x_wconf 92' lang='lat' dir='ltr'>bat</span> <span class='ocrx_word' id='word_1_33' title='bbox 158 695 337 764; x_wconf 82' lang='lat' dir='ltr'>orationem3</span> <span class='ocrx_word' id='word_1_34' title='bbox 359 697 388 754; x_wconf 91' lang='lat' dir='ltr'>in</span> <span class='ocrx_word' id='word_1_35' title='bbox 403 698 457 755; x_wconf 85' lang='lat' dir='ltr'>bac</span> <span class='ocrx_word' id='word_1_36' title='bbox 471 697 548 754; x_wconf 90' lang='lat' dir='ltr'>enim</span> <span class='ocrx_word' id='word_1_37' title='bbox 570 698 652 756; x_wconf 89' lang='lat' dir='ltr'>satis</span> <span class='ocrx_word' id='word_1_38' title='bbox 657 710 719 756; x_wconf 87' lang='lat' dir='ltr'>erat</span> <span class='ocrx_word' id='word_1_39' title='bbox 733 698 833 774; x_wconf 77' lang='lat' dir='ltr'>copiae,</span> <span class='ocrx_word' id='word_1_40' title='bbox 848 697 877 756; x_wconf 87' lang='lat' dir='ltr'>iu</span> 
     </span>
     <span class='ocr_line' id='line_1_7' title="bbox 95 773 927 856; baseline 0.006 -24"><span class='ocrx_word' id='word_1_41' title='bbox 95 773 144 832; x_wconf 90' lang='lat' dir='ltr'>illa</span> <span class='ocrx_word' id='word_1_42' title='bbox 159 786 254 832; x_wconf 85' lang='lat' dir='ltr'>autern</span> <span class='ocrx_word' id='word_1_43' title='bbox 270 777 372 853; x_wconf 90' lang='lat' dir='ltr'>leporis</span> <span class='ocrx_word' id='word_1_44' title='bbox 384 797 494 854; x_wconf 91' lang='lat' dir='ltr'>parurn.</span> <span class='ocrx_word' id='word_1_45' title='bbox 536 777 607 836; x_wconf 84' lang='lat' dir='ltr'><strong>Erat</strong></span> <span class='ocrx_word' id='word_1_46' title='bbox 630 778 691 856; x_wconf 88' lang='lat' dir='ltr'>ejus</span> <span class='ocrx_word' id='word_1_47' title='bbox 714 778 877 855; x_wconf 83' lang='lat' dir='ltr'>aequalisP.</span> <span class='ocrx_word' id='word_1_48' title='bbox 888 797 927 838; x_wconf 81' lang='lat' dir='ltr'>su</span> 
     </span>
     <span class='ocr_line' id='line_1_8' title="bbox 95 854 878 936; baseline 0.005 -25"><span class='ocrx_word' id='word_1_49' title='bbox 95 854 256 912; x_wconf 82' lang='lat' dir='ltr'>Autronius</span> <span class='ocrx_word' id='word_1_50' title='bbox 270 876 340 915; x_wconf 84' lang='lat' dir='ltr'>voce</span> <span class='ocrx_word' id='word_1_51' title='bbox 359 869 496 934; x_wconf 89' lang='lat' dir='ltr'>peracuta</span> <span class='ocrx_word' id='word_1_52' title='bbox 518 867 601 934; x_wconf 86' lang='lat' dir='ltr'>atque</span> <span class='ocrx_word' id='word_1_53' title='bbox 626 878 730 936; x_wconf 88' lang='lat' dir='ltr'>magna</span> <span class='ocrx_word' id='word_1_54' title='bbox 746 876 809 917; x_wconf 89' lang='lat' dir='ltr'>nec</span> <span class='ocrx_word' id='word_1_55' title='bbox 823 858 878 916; x_wconf 89' lang='lat' dir='ltr'>alia</span> 
     </span>
     <span class='ocr_line' id='line_1_9' title="bbox 94 934 879 1015; baseline 0.004 -22"><span class='ocrx_word' id='word_1_56' title='bbox 94 952 131 993; x_wconf 81' lang='lat' dir='ltr'>re</span> <span class='ocrx_word' id='word_1_57' title='bbox 145 935 204 992; x_wconf 92' lang='lat' dir='ltr'>ulla</span> <span class='ocrx_word' id='word_1_58' title='bbox 221 934 384 1011; x_wconf 89' lang='lat' dir='ltr'>probabilis,</span> <span class='ocrx_word' id='word_1_59' title='bbox 399 950 428 997; x_wconf 90' lang='lat' dir='ltr'>et</span> <span class='ocrx_word' id='word_1_60' title='bbox 452 939 485 999; x_wconf 92' lang='lat' dir='ltr'>L</span> <span class='ocrx_word' id='word_1_61' title='bbox 500 938 639 997; x_wconf 86' lang='lat' dir='ltr'>Octavius</span> <span class='ocrx_word' id='word_1_62' title='bbox 661 939 815 1014; x_wconf 82' lang='lat' dir='ltr'>Reatinus,</span> <span class='ocrx_word' id='word_1_63' title='bbox 829 938 879 1015; x_wconf 88' lang='lat' dir='ltr'>qui</span> 
     </span>
     <span class='ocr_line' id='line_1_10' title="bbox 94 1016 879 1095; baseline 0.005 -23"><span class='ocrx_word' id='word_1_64' title='bbox 94 1033 164 1072; x_wconf 91' lang='lat' dir='ltr'>cum</span> <span class='ocrx_word' id='word_1_65' title='bbox 179 1016 312 1074; x_wconf 90' lang='lat' dir='ltr'>multas</span> <span class='ocrx_word' id='word_1_66' title='bbox 302 1036 361 1095; x_wconf 78' lang='lat' dir='ltr'>Jam</span> <span class='ocrx_word' id='word_1_67' title='bbox 386 1039 497 1077; x_wconf 89' lang='lat' dir='ltr'>causas</span> <span class='ocrx_word' id='word_1_68' title='bbox 512 1020 631 1094; x_wconf 87' lang='lat' dir='ltr'>diceret,</span> <span class='ocrx_word' id='word_1_69' title='bbox 647 1019 813 1079; x_wconf 81' lang='lat' dir='ltr'>adolescens</span> <span class='ocrx_word' id='word_1_70' title='bbox 835 1028 879 1076; x_wconf 90' lang='lat' dir='ltr'>est</span> 
     </span>
     <span class='ocr_line' id='line_1_11' title="bbox 95 1068 880 1178; baseline 0.006 -27"><span class='ocrx_word' id='word_1_71' title='bbox 95 1106 232 1154; x_wconf 86' lang='lat' dir='ltr'>mortuus.</span> <span class='ocrx_word' id='word_1_72' title='bbox 267 1097 297 1155; x_wconf 92' lang='lat' dir='ltr'>ls</span> <span class='ocrx_word' id='word_1_73' title='bbox 310 1109 406 1158; x_wconf 89' lang='lat' dir='ltr'>tamen</span> <span class='ocrx_word' id='word_1_74' title='bbox 421 1101 457 1158; x_wconf 90' lang='lat' dir='ltr'>ad</span> <span class='ocrx_word' id='word_1_75' title='bbox 472 1068 631 1158; x_wconf 79' lang='lat' dir='ltr'>dicenduni</span> <span class='ocrx_word' id='word_1_76' title='bbox 642 1101 774 1159; x_wconf 88' lang='lat' dir='ltr'>veniebat</span> <span class='ocrx_word' id='word_1_77' title='bbox 787 1100 880 1178; x_wconf 85' lang='lat' dir='ltr'>magis</span> 
     </span>
     <span class='ocr_line' id='line_1_12' title="bbox 96 1174 904 1260; baseline 0.004 -26"><span class='ocrx_word' id='word_1_78' title='bbox 96 1174 233 1234; x_wconf 81' lang='lat' dir='ltr'>audacter</span> <span class='ocrx_word' id='word_1_79' title='bbox 250 1197 341 1253; x_wconf 88' lang='lat' dir='ltr'>quam</span> <span class='ocrx_word' id='word_1_80' title='bbox 365 1193 472 1257; x_wconf 90' lang='lat' dir='ltr'>parate.</span> <span class='ocrx_word' id='word_1_81' title='bbox 514 1181 601 1240; x_wconf 73' lang='lat' dir='ltr'>Ere.</span> <span class='ocrx_word' id='word_1_82' title='bbox 617 1181 761 1252; x_wconf 84' lang='lat' dir='ltr'>Staienus,</span> <span class='ocrx_word' id='word_1_83' title='bbox 775 1181 824 1257; x_wconf 93' lang='lat' dir='ltr'>qui</span> <span class='ocrx_word' id='word_1_84' title='bbox 848 1199 879 1237; x_wconf 93' lang='lat' dir='ltr'>se</span> <span class='ocrx_word' id='word_1_85' title='bbox 900 1252 904 1260; x_wconf 19' lang='grc' dir='ltr'>ι</span> 
     </span>
     <span class='ocr_line' id='line_1_13' title="bbox 95 1255 878 1335; baseline 0.004 -22"><span class='ocrx_word' id='word_1_86' title='bbox 95 1255 157 1333; x_wconf 88' lang='lat' dir='ltr'>ipse</span> <span class='ocrx_word' id='word_1_87' title='bbox 181 1257 362 1335; x_wconf 79' lang='lat' dir='ltr'>adoptaverat</span> <span class='ocrx_word' id='word_1_88' title='bbox 384 1273 412 1319; x_wconf 89' lang='lat' dir='ltr'>et</span> <span class='ocrx_word' id='word_1_89' title='bbox 434 1262 471 1318; x_wconf 92' lang='lat' dir='ltr'>de</span> <span class='ocrx_word' id='word_1_90' title='bbox 490 1261 608 1319; x_wconf 83' lang='lat' dir='ltr'>Staieno</span> <span class='ocrx_word' id='word_1_91' title='bbox 629 1259 739 1318; x_wconf 87' lang='lat' dir='ltr'>AEliurn</span> <span class='ocrx_word' id='word_1_92' title='bbox 761 1260 878 1327; x_wconf 85' lang='lat' dir='ltr'>fecerat,</span> 
     </span>
     <span class='ocr_line' id='line_1_14' title="bbox 96 1337 879 1418; baseline 0.001 -24"><span class='ocrx_word' id='word_1_93' title='bbox 96 1337 205 1396; x_wconf 85' lang='lat' dir='ltr'>fervido</span> <span class='ocrx_word' id='word_1_94' title='bbox 225 1341 348 1415; x_wconf 91' lang='lat' dir='ltr'>quodam</span> <span class='ocrx_word' id='word_1_95' title='bbox 371 1352 411 1399; x_wconf 89' lang='lat' dir='ltr'>et</span> <span class='ocrx_word' id='word_1_96' title='bbox 426 1341 567 1418; x_wconf 86' lang='lat' dir='ltr'>petulanti</span> <span class='ocrx_word' id='word_1_97' title='bbox 583 1351 620 1398; x_wconf 90' lang='lat' dir='ltr'>et</span> <span class='ocrx_word' id='word_1_98' title='bbox 642 1339 750 1401; x_wconf 83' lang='lat' dir='ltr'>furioso</span> <span class='ocrx_word' id='word_1_99' title='bbox 773 1356 879 1417; x_wconf 85' lang='lat' dir='ltr'>genere</span> 
     </span>
     <span class='ocr_line' id='line_1_15' title="bbox 95 1418 880 1498; baseline 0.001 -23"><span class='ocrx_word' id='word_1_100' title='bbox 95 1418 232 1477; x_wconf 90' lang='lat' dir='ltr'>dicendi·</span> <span class='ocrx_word' id='word_1_101' title='bbox 225 1420 329 1496; x_wconf 86' lang='lat' dir='ltr'>,quod</span> <span class='ocrx_word' id='word_1_102' title='bbox 343 1422 418 1495; x_wconf 93' lang='lat' dir='ltr'>quia</span> <span class='ocrx_word' id='word_1_103' title='bbox 424 1422 521 1479; x_wconf 89' lang='lat' dir='ltr'>multis</span> <span class='ocrx_word' id='word_1_104' title='bbox 535 1430 647 1498; x_wconf 88' lang='lat' dir='ltr'>gratum</span> <span class='ocrx_word' id='word_1_105' title='bbox 663 1428 724 1477; x_wconf 86' lang='lat' dir='ltr'>erat</span> <span class='ocrx_word' id='word_1_106' title='bbox 737 1430 766 1476; x_wconf 89' lang='lat' dir='ltr'>et</span> <span class='ocrx_word' id='word_1_107' title='bbox 779 1418 880 1496; x_wconf 88' lang='lat' dir='ltr'>proba·</span> 
     </span>
     <span class='ocr_line' id='line_1_16' title="bbox 96 1499 879 1569; baseline -0.001 -12"><span class='ocrx_word' id='word_1_108' title='bbox 96 1499 189 1569; x_wconf 86' lang='lat' dir='ltr'>batur,</span> <span class='ocrx_word' id='word_1_109' title='bbox 210 1500 407 1558; x_wconf 81' lang='lat' dir='ltr'>adscendisset</span> <span class='ocrx_word' id='word_1_110' title='bbox 426 1502 461 1559; x_wconf 92' lang='lat' dir='ltr'>ad</span> <span class='ocrx_word' id='word_1_111' title='bbox 484 1502 615 1568; x_wconf 86' lang='lat' dir='ltr'>bonores,</span> <span class='ocrx_word' id='word_1_112' title='bbox 630 1499 686 1556; x_wconf 89' lang='lat' dir='ltr'>nisi</span> <span class='ocrx_word' id='word_1_113' title='bbox 701 1500 730 1557; x_wconf 92' lang='lat' dir='ltr'>in</span> <span class='ocrx_word' id='word_1_114' title='bbox 754 1500 879 1558; x_wconf 79' lang='lat' dir='ltr'>facinore</span> 
     </span>
     <span class='ocr_line' id='line_1_17' title="bbox 94 1545 881 1659; baseline -0.003 -21"><span class='ocrx_word' id='word_1_115' title='bbox 94 1545 248 1638; x_wconf 80' lang='lat' dir='ltr'>manilesto</span> <span class='ocrx_word' id='word_1_116' title='bbox 261 1581 454 1656; x_wconf 83' lang='lat' dir='ltr'>deprehensus</span> <span class='ocrx_word' id='word_1_117' title='bbox 475 1595 574 1657; x_wconf 86' lang='lat' dir='ltr'>poenas</span> <span class='ocrx_word' id='word_1_118' title='bbox 595 1580 708 1659; x_wconf 87' lang='lat' dir='ltr'>legibus</span> <span class='ocrx_word' id='word_1_119' title='bbox 721 1590 750 1638; x_wconf 89' lang='lat' dir='ltr'>et</span> <span class='ocrx_word' id='word_1_120' title='bbox 771 1579 881 1656; x_wconf 86' lang='lat' dir='ltr'>judicio</span> 
     </span>
     <span class='ocr_line' id='line_1_18' title="bbox 94 1659 930 1737; baseline 0.004 -19"><span class='ocrx_word' id='word_1_121' title='bbox 94 1660 231 1718; x_wconf 90' lang='lat' dir='ltr'>dedisset.</span> <span class='ocrx_word' id='word_1_122' title='bbox 273 1659 385 1718; x_wconf 88' lang='lat' dir='ltr'>LXlX.</span> <span class='ocrx_word' id='word_1_123' title='bbox 408 1661 518 1719; x_wconf 87' lang='lat' dir='ltr'>Eodem</span> <span class='ocrx_word' id='word_1_124' title='bbox 536 1671 661 1737; x_wconf 82' lang='lat' dir='ltr'>tompore</span> <span class='ocrx_word' id='word_1_125' title='bbox 675 1659 710 1718; x_wconf 86' lang='lat' dir='ltr'>C.</span> <span class='ocrx_word' id='word_1_126' title='bbox 724 1672 754 1718; x_wconf 91' lang='lat' dir='ltr'>et</span> <span class='ocrx_word' id='word_1_127' title='bbox 768 1660 801 1720; x_wconf 92' lang='lat' dir='ltr'>L.</span> <span class='ocrx_word' id='word_1_128' title='bbox 818 1660 930 1721; x_wconf 74' lang='lat' dir='ltr'>Cas-sta</span> 
     </span>
     <span class='ocr_line' id='line_1_19' title="bbox 93 1740 880 1820; baseline 0.003 -22"><span class='ocrx_word' id='word_1_129' title='bbox 93 1740 169 1820; x_wconf 81' lang='lat' dir='ltr'>pusii</span> <span class='ocrx_word' id='word_1_130' title='bbox 183 1740 283 1797; x_wconf 82' lang='lat' dir='ltr'>fratres</span> <span class='ocrx_word' id='word_1_131' title='bbox 298 1740 422 1813; x_wconf 89' lang='lat' dir='ltr'>fuerunt,</span> <span class='ocrx_word' id='word_1_132' title='bbox 436 1741 485 1817; x_wconf 91' lang='lat' dir='ltr'>qui</span> <span class='ocrx_word' id='word_1_133' title='bbox 506 1742 596 1799; x_wconf 89' lang='lat' dir='ltr'>multa</span> <span class='ocrx_word' id='word_1_134' title='bbox 619 1753 706 1818; x_wconf 85' lang='lat' dir='ltr'>opera</span> <span class='ocrx_word' id='word_1_135' title='bbox 720 1741 809 1818; x_wconf 84' lang='lat' dir='ltr'>ignoti</span> <span class='ocrx_word' id='word_1_136' title='bbox 831 1742 880 1800; x_wconf 92' lang='lat' dir='ltr'>ho·</span> 
     </span>
     <span class='ocr_line' id='line_1_20' title="bbox 94 1821 880 1898; baseline 0 -19"><span class='ocrx_word' id='word_1_137' title='bbox 94 1821 190 1879; x_wconf 90' lang='lat' dir='ltr'>mines</span> <span class='ocrx_word' id='word_1_138' title='bbox 203 1831 232 1877; x_wconf 91' lang='lat' dir='ltr'>et</span> <span class='ocrx_word' id='word_1_139' title='bbox 246 1821 385 1896; x_wconf 86' lang='lat' dir='ltr'>repentini</span> <span class='ocrx_word' id='word_1_140' title='bbox 399 1835 552 1898; x_wconf 82' lang='lat' dir='ltr'>quaestores</span> <span class='ocrx_word' id='word_1_141' title='bbox 576 1821 706 1879; x_wconf 91' lang='lat' dir='ltr'>celeriter</span> <span class='ocrx_word' id='word_1_142' title='bbox 722 1821 790 1880; x_wconf 83' lang='lat' dir='ltr'>facti</span> <span class='ocrx_word' id='word_1_143' title='bbox 804 1831 880 1888; x_wconf 91' lang='lat' dir='ltr'>sunt,</span> 
     </span>
     <span class='ocr_line' id='line_1_21' title="bbox 94 1901 878 1980; baseline -0.003 -19"><span class='ocrx_word' id='word_1_144' title='bbox 94 1901 239 1978; x_wconf 90' lang='lat' dir='ltr'>oppidano</span> <span class='ocrx_word' id='word_1_145' title='bbox 252 1902 426 1977; x_wconf 85' lang='lat' dir='ltr'>quodamot</span> <span class='ocrx_word' id='word_1_146' title='bbox 450 1901 598 1961; x_wconf 85' lang='lat' dir='ltr'>incondito</span> <span class='ocrx_word' id='word_1_147' title='bbox 621 1909 727 1980; x_wconf 86' lang='lat' dir='ltr'>genere</span> <span class='ocrx_word' id='word_1_148' title='bbox 752 1901 878 1961; x_wconf 85' lang='lat' dir='ltr'>dicendi.</span> 
     </span>
     <span class='ocr_line' id='line_1_22' title="bbox 96 1982 880 2060; baseline 0.001 -21"><span class='ocrx_word' id='word_1_149' title='bbox 96 1982 248 2039; x_wconf 82' lang='lat' dir='ltr'>Addamus</span> <span class='ocrx_word' id='word_1_150' title='bbox 269 1983 336 2040; x_wconf 90' lang='lat' dir='ltr'>huc</span> <span class='ocrx_word' id='word_1_151' title='bbox 349 1982 446 2054; x_wconf 89' lang='lat' dir='ltr'>etiam,</span> <span class='ocrx_word' id='word_1_152' title='bbox 461 2002 511 2040; x_wconf 90' lang='lat' dir='ltr'>ne</span> <span class='ocrx_word' id='word_1_153' title='bbox 519 2001 604 2059; x_wconf 92' lang='lat' dir='ltr'>quem</span> <span class='ocrx_word' id='word_1_154' title='bbox 623 1982 757 2040; x_wconf 84' lang='lat' dir='ltr'>vocalem</span> <span class='ocrx_word' id='word_1_155' title='bbox 766 1992 880 2060; x_wconf 82' lang='lat' dir='ltr'>praeter·</span> 
     </span>
     <span class='ocr_line' id='line_1_23' title="bbox 96 2061 880 2154; baseline 0 -34"><span class='ocrx_word' id='word_1_156' title='bbox 96 2061 164 2120; x_wconf 87' lang='lat' dir='ltr'>iisse</span> <span class='ocrx_word' id='word_1_157' title='bbox 183 2062 339 2154; x_wconf 83' lang='lat' dir='ltr'>videamur,</span> <span class='ocrx_word' id='word_1_158' title='bbox 362 2062 396 2121; x_wconf 85' lang='lat' dir='ltr'>C.</span> <span class='ocrx_word' id='word_1_159' title='bbox 418 2063 593 2129; x_wconf 82' lang='lat' dir='ltr'>Cosconium</span> <span class='ocrx_word' id='word_1_160' title='bbox 616 2061 810 2154; x_wconf 78' lang='lat' dir='ltr'>Calidianum,</span> <span class='ocrx_word' id='word_1_161' title='bbox 830 2062 880 2140; x_wconf 90' lang='lat' dir='ltr'>qui</span> 
     </span>
     <span class='ocr_line' id='line_1_24' title="bbox 95 2143 880 2220; baseline 0 -19"><span class='ocrx_word' id='word_1_162' title='bbox 95 2143 175 2201; x_wconf 90' lang='lat' dir='ltr'>nullo</span> <span class='ocrx_word' id='word_1_163' title='bbox 190 2143 323 2200; x_wconf 90' lang='lat' dir='ltr'>acumine</span> <span class='ocrx_word' id='word_1_164' title='bbox 347 2163 411 2201; x_wconf 89' lang='lat' dir='ltr'>earn</span> <span class='ocrx_word' id='word_1_165' title='bbox 435 2154 530 2201; x_wconf 91' lang='lat' dir='ltr'>tamen</span> <span class='ocrx_word' id='word_1_166' title='bbox 545 2143 694 2201; x_wconf 84' lang='lat' dir='ltr'>verborum</span> <span class='ocrx_word' id='word_1_167' title='bbox 719 2143 880 2220; x_wconf 85' lang='lat' dir='ltr'>copiam,s1</span> 
     </span>
     <span class='ocr_line' id='line_1_25' title="bbox 94 2223 881 2300; baseline -0.001 -19"><span class='ocrx_word' id='word_1_168' title='bbox 94 2242 181 2299; x_wconf 89' lang='lat' dir='ltr'>quam</span> <span class='ocrx_word' id='word_1_169' title='bbox 196 2224 330 2295; x_wconf 91' lang='lat' dir='ltr'>habebat,</span> <span class='ocrx_word' id='word_1_170' title='bbox 344 2224 489 2300; x_wconf 74' lang='lat' dir='ltr'>prebebat</span> <span class='ocrx_word' id='word_1_171' title='bbox 504 2223 606 2300; x_wconf 94' lang='lat' dir='ltr'>populo</span> <span class='ocrx_word' id='word_1_172' title='bbox 628 2242 694 2280; x_wconf 92' lang='lat' dir='ltr'>curn</span> <span class='ocrx_word' id='word_1_173' title='bbox 710 2224 799 2282; x_wconf 89' lang='lat' dir='ltr'>multa</span> <span class='ocrx_word' id='word_1_174' title='bbox 814 2242 881 2281; x_wconf 80' lang='lat' dir='ltr'>cou-</span> 
     </span>
     <span class='ocr_line' id='line_1_26' title="bbox 95 2302 881 2382; baseline -0.004 -20"><span class='ocrx_word' id='word_1_175' title='bbox 95 2304 257 2362; x_wconf 85' lang='lat' dir='ltr'>cursatione</span> <span class='ocrx_word' id='word_1_176' title='bbox 272 2323 433 2382; x_wconf 87' lang='lat' dir='ltr'>magnoque</span> <span class='ocrx_word' id='word_1_177' title='bbox 453 2304 586 2362; x_wconf 85' lang='lat' dir='ltr'>clamore.</span> <span class='ocrx_word' id='word_1_178' title='bbox 627 2302 717 2365; x_wconf 78' lang='lat' dir='ltr'>Quod</span> <span class='ocrx_word' id='word_1_179' title='bbox 740 2305 818 2362; x_wconf 88' lang='lat' dir='ltr'>idern</span> <span class='ocrx_word' id='word_1_180' title='bbox 840 2303 881 2359; x_wconf 88' lang='lat' dir='ltr'>fa·</span> 
     </span>
     <span class='ocr_line' id='line_1_27' title="bbox 95 2383 881 2461; baseline -0.006 -19"><span class='ocrx_word' id='word_1_181' title='bbox 95 2384 249 2447; x_wconf 79' lang='lat' dir='ltr'>ciebatQ.</span> <span class='ocrx_word' id='word_1_182' title='bbox 262 2385 373 2455; x_wconf 90' lang='lat' dir='ltr'>Arrius,</span> <span class='ocrx_word' id='word_1_183' title='bbox 388 2404 436 2460; x_wconf 90' lang='lat' dir='ltr'>qur</span> <span class='ocrx_word' id='word_1_184' title='bbox 429 2383 504 2442; x_wconf 90' lang='lat' dir='ltr'>suit</span> <span class='ocrx_word' id='word_1_185' title='bbox 519 2383 560 2441; x_wconf 91' lang='lat' dir='ltr'>M.</span> <span class='ocrx_word' id='word_1_186' title='bbox 573 2385 671 2443; x_wconf 87' lang='lat' dir='ltr'>Crassi</span> <span class='ocrx_word' id='word_1_187' title='bbox 684 2384 765 2461; x_wconf 85' lang='lat' dir='ltr'>quasi</span> <span class='ocrx_word' id='word_1_188' title='bbox 779 2400 881 2439; x_wconf 82' lang='lat' dir='ltr'>secun·</span> 
     </span>
     <span class='ocr_line' id='line_1_28' title="bbox 95 2464 881 2541; baseline -0.003 -19"><span class='ocrx_word' id='word_1_189' title='bbox 95 2465 206 2522; x_wconf 88' lang='lat' dir='ltr'>darum.</span> <span class='ocrx_word' id='word_1_190' title='bbox 248 2464 423 2522; x_wconf 89' lang='lat' dir='ltr'>lsomnibus</span> <span class='ocrx_word' id='word_1_191' title='bbox 447 2465 577 2541; x_wconf 84' lang='lat' dir='ltr'>exemplo</span> <span class='ocrx_word' id='word_1_192' title='bbox 601 2464 686 2523; x_wconf 85' lang='lat' dir='ltr'>debet</span> <span class='ocrx_word' id='word_1_193' title='bbox 706 2483 779 2533; x_wconf 86' lang='lat' dir='ltr'>esse,</span> <span class='ocrx_word' id='word_1_194' title='bbox 794 2479 881 2536; x_wconf 84' lang='lat' dir='ltr'>quan·</span> 
     </span>
     <span class='ocr_line' id='line_1_29' title="bbox 95 2540 881 2680; baseline -0.004 -77"><span class='ocrx_word' id='word_1_195' title='bbox 95 2556 158 2603; x_wconf 88' lang='lat' dir='ltr'>tum</span> <span class='ocrx_word' id='word_1_196' title='bbox 184 2545 213 2602; x_wconf 93' lang='lat' dir='ltr'>in</span> <span class='ocrx_word' id='word_1_197' title='bbox 241 2546 296 2603; x_wconf 87' lang='lat' dir='ltr'>hac</span> <span class='ocrx_word' id='word_1_198' title='bbox 323 2546 393 2604; x_wconf 90' lang='lat' dir='ltr'>urbe</span> <span class='ocrx_word' id='word_1_199' title='bbox 419 2546 523 2623; x_wconf 90' lang='lat' dir='ltr'>polleat</span> <span class='ocrx_word' id='word_1_200' title='bbox 553 2543 733 2680; x_wconf 62' lang='lat' dir='ltr'>[multoruml]</span> <span class='ocrx_word' id='word_1_201' title='bbox 763 2540 881 2600; x_wconf 83' lang='lat' dir='ltr'>obedire</span> 
     </span>
     <span class='ocr_line' id='line_1_30' title="bbox 95 2621 881 2716; baseline -0.001 -33"><span class='ocrx_word' id='word_1_202' title='bbox 95 2626 216 2716; x_wconf 87' lang='lat' dir='ltr'>tempori</span> <span class='ocrx_word' id='word_1_203' title='bbox 250 2626 458 2702; x_wconf 90' lang='lat' dir='ltr'>multorumque</span> <span class='ocrx_word' id='word_1_204' title='bbox 485 2624 529 2683; x_wconf 85' lang='lat' dir='ltr'>vel</span> <span class='ocrx_word' id='word_1_205' title='bbox 557 2625 657 2683; x_wconf 87' lang='lat' dir='ltr'>honori</span> <span class='ocrx_word' id='word_1_206' title='bbox 683 2644 717 2682; x_wconf 90' lang='lat' dir='ltr'>ve</span> <span class='ocrx_word' id='word_1_207' title='bbox 752 2621 881 2699; x_wconf 87' lang='lat' dir='ltr'>periculo</span> 
     </span>
     <span class='ocr_line' id='line_1_31' title="bbox 94 2705 930 2765; baseline -0.002 -1"><span class='ocrx_word' id='word_1_208' title='bbox 94 2706 210 2764; x_wconf 89' lang='lat' dir='ltr'>servire.</span> <span class='ocrx_word' id='word_1_209' title='bbox 252 2707 307 2764; x_wconf 91' lang='lat' dir='ltr'>His</span> <span class='ocrx_word' id='word_1_210' title='bbox 329 2708 406 2765; x_wconf 91' lang='lat' dir='ltr'>enim</span> <span class='ocrx_word' id='word_1_211' title='bbox 428 2707 513 2764; x_wconf 87' lang='lat' dir='ltr'>rebus</span> <span class='ocrx_word' id='word_1_212' title='bbox 537 2705 636 2763; x_wconf 85' lang='lat' dir='ltr'>intimo</span> <span class='ocrx_word' id='word_1_213' title='bbox 659 2706 722 2764; x_wconf 87' lang='lat' dir='ltr'>loco</span> <span class='ocrx_word' id='word_1_214' title='bbox 743 2712 827 2761; x_wconf 88' lang='lat' dir='ltr'>natus</span> <span class='ocrx_word' id='word_1_215' title='bbox 851 2715 930 2763; x_wconf 78' lang='lat' dir='ltr'>etsta</span> 
     </span>
     <span class='ocr_line' id='line_1_32' title="bbox 95 2785 880 2863; baseline -0.005 -18"><span class='ocrx_word' id='word_1_216' title='bbox 95 2787 219 2845; x_wconf 86' lang='lat' dir='ltr'>honores</span> <span class='ocrx_word' id='word_1_217' title='bbox 245 2797 274 2844; x_wconf 89' lang='lat' dir='ltr'>et</span> <span class='ocrx_word' id='word_1_218' title='bbox 302 2787 453 2862; x_wconf 88' lang='lat' dir='ltr'>pecuniam</span> <span class='ocrx_word' id='word_1_219' title='bbox 488 2795 519 2847; x_wconf 87' lang='lat' dir='ltr'>et</span> <span class='ocrx_word' id='word_1_220' title='bbox 550 2785 672 2863; x_wconf 86' lang='lat' dir='ltr'>gratiam</span> <span class='ocrx_word' id='word_1_221' title='bbox 707 2796 880 2843; x_wconf 89' lang='lat' dir='ltr'>consecutus</span> 
     </span>
     <span class='ocr_line' id='line_1_33' title="bbox 94 2864 881 2943; baseline -0.004 -18"><span class='ocrx_word' id='word_1_222' title='bbox 94 2867 181 2926; x_wconf 88' lang='lat' dir='ltr'>etiam</span> <span class='ocrx_word' id='word_1_223' title='bbox 198 2867 226 2924; x_wconf 92' lang='lat' dir='ltr'>in</span> <span class='ocrx_word' id='word_1_224' title='bbox 241 2879 433 2943; x_wconf 89' lang='lat' dir='ltr'>patronorum</span> <span class='ocrx_word' id='word_1_225' title='bbox 447 2867 509 2925; x_wconf 90' lang='lat' dir='ltr'>sine</span> <span class='ocrx_word' id='word_1_226' title='bbox 533 2867 673 2934; x_wconf 88' lang='lat' dir='ltr'>doctrina,</span> <span class='ocrx_word' id='word_1_227' title='bbox 688 2864 750 2922; x_wconf 90' lang='lat' dir='ltr'>sine</span> <span class='ocrx_word' id='word_1_228' title='bbox 764 2866 881 2943; x_wconf 82' lang='lat' dir='ltr'>ingenio</span> 
     </span>
     <span class='ocr_line' id='line_1_34' title="bbox 95 2946 880 3039; baseline -0.008 -33"><span class='ocrx_word' id='word_1_229' title='bbox 95 2948 220 3039; x_wconf 91' lang='lat' dir='ltr'>aliquem</span> <span class='ocrx_word' id='word_1_230' title='bbox 244 2966 394 3007; x_wconf 85' lang='lat' dir='ltr'>numerum</span> <span class='ocrx_word' id='word_1_231' title='bbox 418 2957 593 3024; x_wconf 88' lang='lat' dir='ltr'>pervenerat.</span> <span class='ocrx_word' id='word_1_232' title='bbox 636 2946 694 3002; x_wconf 84' lang='lat' dir='ltr'>Sed</span> <span class='ocrx_word' id='word_1_233' title='bbox 720 2955 751 3004; x_wconf 91' lang='lat' dir='ltr'>ut</span> <span class='ocrx_word' id='word_1_234' title='bbox 770 2946 880 3022; x_wconf 84' lang='lat' dir='ltr'>pugiles</span> 
     </span>
    </p>
   </div>
   <div class='ocr_carea' id='block_1_3' title="bbox 95 3024 881 3189">
    <p class='ocr_par' dir='ltr' id='par_1_3' title="bbox 95 3024 881 3186">
     <span class='ocr_line' id='line_1_35' title="bbox 95 3024 881 3107; baseline -0.009 -20"><span class='ocrx_word' id='word_1_235' title='bbox 95 3027 285 3096; x_wconf 80' lang='lat' dir='ltr'>inexercitati,</span> <span class='ocrx_word' id='word_1_236' title='bbox 301 3028 412 3086; x_wconf 89' lang='lat' dir='ltr'>etiamsi</span> <span class='ocrx_word' id='word_1_237' title='bbox 426 3047 538 3107; x_wconf 89' lang='lat' dir='ltr'>pugnos</span> <span class='ocrx_word' id='word_1_238' title='bbox 559 3038 588 3086; x_wconf 92' lang='lat' dir='ltr'>et</span> <span class='ocrx_word' id='word_1_239' title='bbox 612 3025 711 3104; x_wconf 87' lang='lat' dir='ltr'>plagas</span> <span class='ocrx_word' id='word_1_240' title='bbox 733 3024 881 3102; x_wconf 88' lang='lat' dir='ltr'>Olympio·</span> 
     </span>
     <span class='ocr_line' id='line_1_36' title="bbox 95 3105 880 3189; baseline -0.009 -22"><span class='ocrx_word' id='word_1_241' title='bbox 95 3129 158 3167; x_wconf 90' lang='grc' dir='ltr'>ιιιιιι</span> <span class='ocrx_word' id='word_1_242' title='bbox 173 3108 270 3186; x_wconf 89' lang='lat' dir='ltr'>cupidi</span> <span class='ocrx_word' id='word_1_243' title='bbox 285 3107 359 3167; x_wconf 86' lang='lat' dir='ltr'>serre</span> <span class='ocrx_word' id='word_1_244' title='bbox 372 3123 499 3186; x_wconf 84' lang='lat' dir='ltr'>possunt,</span> <span class='ocrx_word' id='word_1_245' title='bbox 510 3106 600 3167; x_wconf 88' lang='lat' dir='ltr'>solem</span> <span class='ocrx_word' id='word_1_246' title='bbox 613 3117 710 3166; x_wconf 84' lang='lat' dir='ltr'>tamen</span> <span class='ocrx_word' id='word_1_247' title='bbox 721 3125 796 3182; x_wconf 73' lang='lat' dir='ltr'>sepe</span> <span class='ocrx_word' id='word_1_248' title='bbox 806 3105 880 3189; x_wconf 80' lang='lat' dir='ltr'>serre</span> 
     </span>
    </p>
   </div>
   <div class='ocr_carea' id='block_1_4' title="bbox 0 0 998 3450">
    <p class='ocr_par' dir='ltr' id='par_1_4' title="bbox 0 0 998 3450">
     <span class='ocr_line' id='line_1_37' title="bbox 0 0 998 3450; baseline 0 0"><span class='ocrx_word' id='word_1_249' title='bbox 0 0 998 3450; x_wconf 95' lang='lat' dir='ltr'> </span> 
     </span>
    </p>
   </div>
  </div>
 </body>
</html>
