1986 3450
132 209 172 269 24
231 209 278 257 DE
301 208 426 258 CLARIS
450 209 678 267 ORATORIBUS,
694 210 763 258 Can.
780 210 819 258 22.

133 353 225 430 posito
245 355 368 413 ornandi
390 375 488 426 causa,
513 365 545 413 ut
566 355 723 413 delectaret
747 354 868 427 animos,
882 364 916 414 ut

133 447 318 511 permoveret,
341 447 373 493 ut
396 445 513 512 augeret
536 455 607 506 rem,
622 446 654 493 ut
673 435 916 508 miserationibus,

134 524 165 571 ut
179 517 379 574 communibus
392 516 463 573 locis
482 526 615 574 uteretur.
658 516 715 573 Sed
737 516 835 574 nescio
849 535 917 592 quo-

134 596 219 652 modo
233 596 327 672 hujuS,
341 614 425 670 quern
440 607 552 653 constat
565 596 727 671 eloquentia
741 596 918 672 praestitisse,

133 675 265 734 exiliores
278 675 421 734 orationes
434 686 501 733 sunt
514 688 543 732 et
563 676 724 733 redolentes
738 676 829 753 magis
844 676 920 734 anti-

133 756 270 830 quitatem
285 775 369 831 quam
385 767 432 826 aut
447 755 529 814 Laelii
544 766 592 812 aut
607 756 752 831 Scipionis
767 757 917 814 autetiam

131 835 222 912 ipsius
244 836 380 895 Catonis:
402 836 496 912 itaque
523 847 705 908 exaruerunt,
731 836 777 893 vix
797 836 857 915 jam
883 848 917 895 ut

134 927 298 991 appareant.
792 984 795 989 ,

97 1015 122 1056 aa
173 995 219 1052 De
243 996 330 1072 ipsius
355 996 437 1056 Laelii
463 1006 492 1053 et
514 995 657 1072 Scipionis
681 995 798 1074 ingenio
819 1014 918 1072 quam-

133 1093 217 1150 quam
237 1096 272 1134 ea
290 1076 348 1153 jam
363 1086 407 1134 est
426 1076 533 1152 opinio,
545 1087 580 1134 .ut
600 1075 752 1152 plurimum
775 1076 916 1135 tribuatur

134 1155 282 1227 ambobus,
297 1157 413 1214 dicendi
434 1167 530 1213 tamen
553 1157 615 1214 laus
628 1167 672 1213 est
692 1156 722 1214 iu
743 1155 833 1216 Laelio
854 1156 916 1215 illu·

133 1235 224 1295 strior.
266 1238 306 1294 At
326 1237 416 1296 oratio
430 1236 512 1296 Laelii
530 1236 566 1293 de
585 1236 714 1314 collegiis
733 1256 791 1294 non
815 1237 914 1296 melior

134 1335 218 1392 quam
234 1318 270 1375 de
284 1317 380 1376 multis
400 1336 484 1393 quarn
500 1317 577 1375 voles
598 1317 758 1392 Scipionis:
779 1336 838 1375 nou
858 1337 915 1393 quo

133 1394 182 1454 illa
196 1397 277 1459 Laelii
291 1398 445 1474 quidquam
470 1397 506 1454 sit
528 1396 651 1468 dulcius,
667 1407 716 1454 aut
736 1398 847 1472 quode
872 1417 914 1456 re-

132 1476 238 1554 ligione
253 1479 310 1539 dici
331 1478 420 1555 possit
443 1477 608 1555 augustius3
630 1477 680 1534 sed
705 1477 793 1535 multo
817 1490 914 1536 tamen

126 1559 267 1616 'vetustior
281 1569 310 1616 et
323 1559 462 1627 horridior
476 1559 523 1615 ille
546 1575 632 1633 quarn
656 1555 774 1633 Scipi03
795 1568 825 1615 et
846 1577 914 1616 cum

133 1637 191 1695 siut
212 1640 242 1696 in
261 1639 386 1696 dicendo
401 1640 484 1697 variae
499 1638 668 1707 voluntates,
683 1637 821 1695 delectari
842 1638 914 1697 mihi

133 1718 225 1793 magis
262 1717 429 1794 antiquitate
461 1719 572 1776 videtur
598 1729 627 1775 et
664 1717 795 1775 lubenter
821 1718 916 1776 verbis

96 1817 121 1858 ar
133 1796 219 1854 etiarn
234 1797 275 1853 uti
290 1798 384 1873 paullo
399 1798 490 1874 magis
509 1797 611 1874 priscis
633 1797 747 1856 Laelius.
790 1798 848 1855 Sed
870 1809 916 1856 est

133 1895 193 1934 mos
208 1877 365 1945 hominum,
380 1888 411 1934 nt
425 1878 517 1934 nolint
540 1877 664 1935 eundem
686 1877 813 1954 pluribus
829 1879 918 1936 rebus

132 1956 281 2013 excellere.
323 1955 400 2029 Nam
425 1967 456 2019 ut
477 1976 513 2014 ex
537 1956 641 2015 bellica
663 1958 747 2016 laude
770 1957 915 2033 adspirare

133 2036 168 2093 ad
184 2036 353 2095 Africanum
369 2056 453 2095 neruo
467 2047 568 2113 potest,
580 2037 608 2095 in
623 2058 680 2113 qna
693 2038 755 2114 ipsa
767 2038 916 2116 egregium

132 2116 293 2177 Viriathico
315 2116 389 2176 bello
413 2117 569 2194 reperimus
598 2118 684 2177 luisse
709 2118 849 2188 Laelium;
871 2119 915 2177 sic

132 2195 251 2274 ingenii,
267 2197 422 2269 literarum,
436 2198 614 2273 eloquentia,
629 2198 776 2274 sapientia
790 2198 914 2274 denique

132 2277 185 2336 atsi
199 2278 310 2354 utrique
330 2278 446 2354 primas,
460 2279 567 2354 priores
586 2292 682 2336 tamen
702 2279 824 2337 libenter
838 2278 916 2336 dele·

132 2369 201 2417 runt
213 2358 310 2417 Laelio.
351 2357 417 2416 Nec
431 2360 501 2417 milri
526 2370 685 2417 ceterorum
696 2357 806 2436 judicio
821 2359 913 2417 solum

132 2439 243 2497 videtur
257 2439 307 2496 sed
321 2439 407 2496 etiam
430 2439 554 2515 ipsorum
577 2439 650 2497 inter
672 2439 748 2515 ipsos
771 2458 913 2498 concessu

94 2537 121 2578 ss
132 2518 172 2577 ita
185 2520 322 2577 tributum
337 2518 431 2577 fuisse.
473 2518 545 2577 Erat
557 2519 673 2589 omnino
687 2530 747 2592 tum
762 2538 823 2577 mos
837 2531 869 2578 ut
883 2519 913 2577 in

131 2599 246 2675 reliquia
260 2599 345 2658 rebus
358 2599 457 2657 melior
476 2599 518 2657 sic
538 2598 568 2657 in
590 2599 645 2656 hoc
669 2600 730 2676 ipso
751 2600 913 2672 humanior,

132 2687 164 2735 ut
190 2679 289 2738 faciles
315 2690 411 2737 essent
438 2679 467 2737 in
501 2699 584 2737 suurn
619 2679 722 2755 cuique
751 2680 912 2739 tribuendo.

131 2756 234 2818 XXII.
253 2760 392 2818 Memoria
405 2768 489 2817 teneo
503 2760 632 2835 Smyrnae
648 2779 693 2817 me
706 2780 742 2820 ex
755 2759 787 2819 P.
797 2759 913 2818 Rutilio

132 2837 212 2895 Ruso
226 2840 348 2913 audisse,
363 2858 427 2898 cum
442 2839 553 2897 diceret
567 2839 780 2900 adolescentulo
793 2859 823 2899 se
838 2839 918 2899 acci·

133 2919 219 2988 disse,
243 2929 274 2976 ut
298 2939 334 2978 ex
355 2929 470 2978 senatus
494 2920 625 2978 consulto
645 2918 678 2978 P.
703 2921 802 2999 Scipio
823 2933 851 2978 et
874 2919 911 2978 D.

132 2999 248 3070 Brutus,
263 3009 295 3056 ut
306 3001 416 3077 opinor,
431 2999 564 3058 consules
587 3000 623 3058 de
646 3020 677 3059 re
692 3002 781 3061 atroci
795 3020 918 3079 magna·

132 3099 187 3156 que
208 3091 374 3158 quaterent.
416 3079 492 3139 Nam
511 3097 579 3139 cum
602 3080 632 3141 iu
659 3082 730 3157 silas
751 3080 813 3140 Sila
834 3082 920 3141 sacta
