1986 3450
128 221 169 282 32
227 219 275 268 DE
296 219 424 268 CLARIS
446 218 677 277 ORATORIBUS,
693 219 763 268 Cur.
781 220 820 268 D.

128 366 219 425 literis
232 365 345 424 Latinis
367 376 429 424 tum
452 365 541 424 etiarn
564 365 663 425 Gaecis
684 377 717 424 ut
740 364 923 442 temporibus

129 447 185 506 illis
198 447 337 506 eruditus.
370 446 448 507 Quae
462 446 608 505 tribuebat
621 447 699 505 idem
715 447 814 505 Attius
829 445 922 505 etiam

128 527 169 590 Q.
185 527 325 598 Maximo,
337 526 371 584 L
386 526 480 585 Paulli
492 527 605 604 nepoti:
620 538 650 586 et
663 547 730 585 rero
744 538 811 584 ante
825 525 923 584 blaxi-

130 626 210 668 mnm
233 608 314 667 illum
339 605 518 683 Scipionem,
544 627 601 683 quo
628 607 704 666 duce
729 607 842 683 privato
868 606 921 665 Ti.

129 687 283 748 Gracchus
294 688 410 746 occisus
423 699 508 756 esset,
530 706 599 746 cum
622 688 757 746 omnibus
779 689 810 745 in
831 687 923 746 rebus

130 770 330 828 vehementem
343 779 406 826 tum
420 787 517 826 acrem
528 769 624 826 aiebat
637 769 667 826 in
682 768 808 826 dicendo
819 768 921 828 fuisse.

83 863 121 905 ιω
131 849 211 908 Tum
237 849 324 907 etiam
345 848 380 908 P.
405 848 548 908 Lentulus
568 849 617 907 ille
630 849 776 925 princeps,
798 849 834 906 ad
857 868 922 907 rem

130 929 277 1007 publicam
285 929 427 988 duntaxat
433 930 509 1005 qnod
520 949 593 1006 opus
603 940 689 1000 esset,
700 931 770 987 satis
783 930 923 990 babuisse

131 1009 303 1085 eloquentia
331 1009 446 1068 dicitur.
488 1010 654 1086 Iisdemque
680 1010 859 1087 temporibus
886 1009 923 1070 L

132 1088 240 1149 Furius
267 1090 367 1148 Philus
387 1090 515 1167 perbene
539 1091 644 1149 Latine
668 1090 745 1166 loqui
766 1092 924 1166 putabatur

131 1169 329 1247 literatiusque
339 1189 426 1246 quam
440 1171 548 1241 oeteri3
567 1171 601 1229 P.
617 1171 747 1230 Scaerola
760 1171 843 1229 valde
855 1190 926 1247 pru·

133 1250 235 1310 deuter
243 1260 273 1309 et
280 1262 377 1323 acute,
385 1251 483 1328 paullo
496 1252 583 1309 etiam
595 1251 753 1328 copiosius;
764 1269 822 1309 uec
830 1253 926 1312 multo

133 1331 393 1409 miuusprudenter
402 1331 605 1391 M.’Manilius.
620 1332 710 1408 Appii
718 1331 836 1390 Claudii
845 1333 926 1391 rulu-

134 1411 201 1471 bilis
213 1413 265 1471 sed
274 1412 370 1490 paullo
378 1412 511 1470 fervidior
521 1424 584 1471 erat
596 1412 696 1470 oratio.
718 1411 753 1470 Iu
765 1412 861 1488 aliquo
870 1432 927 1473 nu·

135 1511 215 1553 mero
228 1494 316 1552 etiam
329 1494 371 1552 M.
384 1492 504 1552 Fulvius
519 1492 644 1554 Flaccus
658 1503 687 1551 et
698 1493 732 1552 C.
748 1494 833 1565 Cato,
846 1493 927 1552 Afri·

136 1573 205 1633 oani
218 1574 322 1633 sororis
330 1573 417 1645 filius,
428 1574 589 1632 medmcres
598 1582 740 1643 oratores;
755 1573 809 1631 etsi
821 1573 926 1634 Flacci

136 1654 242 1730 scripta
261 1665 329 1712 sunt
353 1654 404 1711 sed
429 1665 460 1712 ut
478 1653 599 1713 studiosi
622 1655 778 1712 literarum.
820 1653 926 1714 Flacci

89 1736 93 1743 '
138 1744 234 1791 sutem
248 1733 370 1793 aemulus
394 1733 426 1791 P.
449 1734 560 1792 Decius
579 1734 642 1806 luit,
667 1753 726 1792 uon
753 1733 849 1792 inians
875 1735 927 1795 ille

137 1813 254 1890 quidem
268 1814 318 1871 sed
333 1822 366 1871 ut
378 1813 437 1872 vita
449 1815 493 1872 sic
513 1814 644 1873 oratioue
665 1816 752 1872 etiam
777 1815 928 1875 turbulen-

90 1904 193 1952 tostus.
219 1891 277 1950 -Μ,
303 1893 426 1966 Drusus,
447 1894 482 1951 Ο.
504 1892 549 1964 F„
576 1895 625 1970 qni
658 1895 688 1953 in
715 1896 862 1954 tribunatu
888 1898 926 1956 O.

138 1973 305 2032 Gracchum
319 1973 461 2050 collegam
475 1975 579 2033 iterum
602 1975 751 2035 tribunum
772 1975 866 2053 fregit,
881 1977 928 2037 vir

139 2063 168 2113 st
187 2054 316 2112 oratione
330 2055 424 2131 gravis
444 2064 473 2111 et
488 2056 678 2127 auctoritate;
698 2057 783 2133 eique
795 2058 927 2132 proximo

140 2133 294 2212 adjunctus
313 2133 347 2194 C.
371 2135 484 2195 Drusus
513 2135 600 2194 frater
623 2137 685 2196 fuit.
728 2137 813 2196 'l'uus
836 2139 927 2198 etiam

120 2214 265 2295 -geutilis
293 2215 390 2286 Brute,
419 2215 461 2274 M.
490 2215 607 2276 Pennus
634 2217 719 2276 facile
749 2218 867 2295 agitarit
896 2219 928 2278 iu

139 2295 287 2355 tribunatu
309 2295 344 2355 C.
366 2296 534 2356 Gracchum
554 2299 681 2374 paullum
704 2309 788 2358 aetate
810 2310 928 2358 antece·

141 2377 222 2436 dens.
264 2375 333 2435 Fuit
345 2377 423 2435 euim
438 2375 480 2434 M.
495 2376 606 2455 Lepido
623 2389 653 2437 et
671 2378 705 2437 L.
728 2378 833 2438 Oreste
857 2399 929 2439 con·

141 2457 253 2517 nulibus
278 2467 400 2533 quaestor
429 2458 593 2527 Gracchus,
628 2459 761 2518 tribunus
795 2459 927 2533 Pennus,

142 2537 220 2597 illius
233 2537 275 2597 M.
291 2537 376 2609 lilius,
398 2539 447 2614 qui
471 2558 539 2599 cunr
561 2538 603 2601 Q
628 2539 707 2598 AElio
729 2540 830 2599 consul
854 2541 927 2600 luit:

86 2660 97 2691 ,
143 2618 194 2676 ssd
208 2619 233 2676 is
244 2618 342 2678 omnia
355 2637 467 2677 summa
490 2636 609 2698 sperans
632 2620 773 2680 aedilicius
795 2630 840 2678 est
854 2641 928 2682 mor·

143 2706 220 2756 tuus.
260 2697 338 2757 Nam
361 2701 398 2757 do
415 2699 454 2760 T.
469 2699 642 2770 Flaminino,
665 2720 750 2776 quem
773 2701 834 2778 ipse
858 2703 928 2776 vidi,

144 2776 216 2836 nihil
231 2779 331 2856 accepi
344 2779 401 2837 nisi
415 2780 517 2838 Latine
531 2781 682 2858 diligenter
695 2781 833 2841 locutam.

97 2871 136 2913 tro
184 2856 302 2918 XXIX.
324 2859 380 2918 His
394 2860 522 2937 adjuncti
536 2871 603 2920 suut
616 2859 651 2917 Ο.
667 2861 765 2934 Curio,
781 2860 822 2920 M.
836 2862 930 2924 Scau·

146 2955 205 3010 rus,
219 2936 251 2996 P.
271 2937 410 3013 Rutilius,
434 2941 469 2999 G.
493 2941 654 2999 Gracchus.
697 2941 743 3001 De
765 2943 878 3002 Scauro
899 2955 930 3003 et

146 3017 259 3079 Rutilio
292 3018 422 3080 breviter·
445 3021 514 3079 lioet
539 3021 646 3090 dicere,
680 3041 800 3100 quorum
824 3035 929 3084 uenter

146 3099 251 3161 suuni
273 3101 392 3161 oratoris
415 3100 517 3163 babuit
540 3101 666 3176 landon,
693 3114 723 3164 et
748 3114 870 3182 uterque
896 3105 929 3165 in
