1986 3450
161 218 208 267 DE
230 218 357 269 CLARIS
379 216 610 275 ottavomssus,
626 218 695 266 Cn.
712 219 751 267 67.
813 217 852 276 73

66 362 315 423 tenuitoratorurn
329 364 443 432 locum;
463 363 506 421 sio
520 365 575 422 Gn.
591 362 731 422 Lentulus
746 373 852 423 oetern-
861 377 902 419 vas

67 461 130 499 rurn
158 445 294 504 virtutum
330 444 445 511 dicendi
465 443 704 501 mediocritatem
740 445 851 504 notione

66 524 232 596 occultavit,
248 526 348 600 inqua
368 524 512 582 excellens
535 524 596 581 luit.
638 522 743 598 Neque
764 527 853 585 multo

67 621 157 662 secus.
173 605 204 663 P.
221 605 373 674 Lentulus,
399 603 481 680 eujus
503 616 534 662 iet
555 603 738 680 excogitandi
761 601 790 662 e‘t
813 607 853 664 lo-

67 685 178 757 quendi
190 686 352 763 tarditatem
367 686 480 761 tegebat
496 684 591 742 sormae
607 685 741 760 dignitas,
757 705 853 762 eorpo-

66 766 106 821 ris
115 778 208 823 motus
220 766 322 842 plenus
330 777 359 822 et
369 765 436 825 artis
449 779 478 822 et
487 764 652 835 venustatis,
663 765 741 823 vocis
752 776 781 822 et
790 785 853 825 sna-

68 844 142 902 vitas
153 856 182 901 et
194 846 369 922 magnitudo.
400 846 450 903 Sic
462 845 491 902 iu
505 845 558 902 hoe
571 845 641 902 nihil
652 858 752 921 praeter
765 847 853 905 actio·

67 943 136 982 uem
151 924 214 994 fuit,
227 936 323 984 cetera
336 927 421 984 etium
435 926 544 983 minora
555 945 640 1000 quam
652 926 680 982 in
697 926 850 1002 superiore.

67 1004 198 1064 LXVII.
220 1005 260 1064 M.
276 1004 342 1064 Piso
356 1006 493 1082 quidquid
510 1006 620 1076 habuit,
636 1006 736 1065 habuit
749 1026 785 1064 ex
810 1008 901 1065 (ᾗῇ-236

68 1085 202 1161 seiplina,
218 1088 394 1163 maximeque
417 1107 453 1144 ex
473 1087 617 1156 omnibus,
638 1087 687 1161 qui
712 1100 778 1144 ante
793 1088 852 1146 sue·

68 1177 146 1234 runt,
161 1167 271 1226 Graecis
295 1167 432 1225 doctrinis
447 1167 584 1227 eruditus
607 1167 668 1225 fuit.
712 1166 853 1227 Habuita

69 1257 172 1307 natura
183 1267 274 1324 genus
285 1249 428 1324 quoddam
441 1246 593 1316 mummia,
605 1246 679 1320 quod
692 1246 778 1303 etiam
794 1261 853 1306 arte

68 1327 225 1398 limaverat,
248 1330 326 1404 quod
349 1338 410 1385 erat
437 1328 466 1384 in
496 1326 739 1402 reprehendendis
762 1326 853 1385 verbis

69 1419 214 1467 versutum
248 1422 277 1467 et
311 1409 409 1467 sollers
437 1408 486 1464 sed
520 1425 595 1482 eaepe
629 1407 852 1482 stomachosum‚

69 1507 276 1564 nonnunquam
292 1488 436 1564 frigidum,
452 1487 595 1544 interdum
610 1486 695 1543 etiam
718 1486 852 1546 facetum.

69 1568 100 1625 ls
114 1568 347 1643 laborem-quasi
369 1586 489 1624 cursum·
510 1566 650 1623 sorensem
674 1567 782 1625 diutius
796 1587 853 1626 non

62 1649 145 1718 tulit,
160 1649 234 1723 quod
250 1658 278 1705 et
292 1666 409 1722 corpore
428 1643 490 1707 erut
513 1647 633 1717 infirmo,
657 1659 685 1704 et
706 1648 853 1706 hominurn

68 1729 210 1805 ineptias.
229 1748 263 1785 ao
294 1727 438 1797 stultitias,
473 1747 534 1802 quae
569 1728 738 1787 devorandas
761 1730 853 1788 :nobis

68 1823 148 1878 sunt,
164 1828 221 1866 non
242 1809 351 1866 serebat
376 1805 599 1883 iracundiasque
622 1810 772 1884 respuebat
792 1811 852 1870 sive

68 1909 192 1959 morose,
220 1901 251 1948 ut
277 1889 438 1965 putabatur,
467 1888 526 1945 sive
555 1890 681 1965 ingenuo
706 1890 852 1966 liberoque

70 1970 192 2032 fastidio.
233 1972 263 2029 Is
277 1989 345 2035 eum
359 1969 428 2026 satis
449 1968 589 2027 floruisset
610 1969 791 2042 adolescens,
802 1972 854 2030 mi·

69 2071 122 2109 nor
137 2051 234 2108 haberi
249 2067 292 2108 est
316 2061 427 2127 ooeptus
448 2044 562 2126 postea:
586 2049 690 2107 deinde
713 2070 749 2108 ex
770 2051 854 2130 virgi-

70 2149 140 2189 nurn
168 2131 278 2207 judicio
309 2150 443 2220 magnam
467 2130 582 2187 laudem
607 2139 650 2186 est
674 2130 804 2208 adeptus,
825 2143 854 2190 et

70 2226 155 2269 exeo
170 2226 294 2286 ternpore
309 2211 391 2286 quasi
405 2223 555 2267 revocatus
569 2210 599 2267 in
621 2230 737 2269 cursum
761 2213 855 2271 tenuit

70 2291 167 2349 locum
194 2304 252 2349 tam
280 2292 340 2362 diu,
368 2309 453 2366 quam
482 2290 554 2347 ferre
582 2291 672 2366 potuit
706 2292 853 2349 laborem:

70 2385 170 2448 postea
182 2384 321 2447 quantum
336 2371 459 2434 detraxit
469 2389 504 2427 ex
519 2370 622 2438 studio,
634 2382 744 2431 tanturn
760 2369 855 2427 amisit

71 2471 109 2509 ex
135 2452 232 2528 gloria.
276 2455 307 2512 P.
337 2451 470 2510 Muraeua
497 2451 632 2508 mediocri
660 2451 777 2528 ingenio
804 2450 904 2507 sedeat

71 2551 177 2608 magno
191 2534 286 2592 studio
300 2552 394 2590 rerum
411 2544 548 2602 veterum,
562 2531 708 2589 literarum
723 2541 752 2586 et
765 2529 854 2590 studi·

70 2631 140 2671 osus
154 2626 182 2670 et
197 2634 254 2671 non
270 2613 427 2689 imperitus,
442 2611 538 2670 multae
553 2611 700 2669 industriae
715 2620 744 2665 et
758 2612 853 2689 magni

70 2692 177 2751 laboris
192 2694 252 2752 luit.
294 2695 329 2751 C.
345 2692 521 2751 Censorinus
542 2691 652 2751 Graecis
674 2689 764 2747 literis
786 2693 855 2751 satis

72 2773 184 2845 doctus,
212 2775 288 2849 quod
316 2785 508 2849 proposuerat,
539 2773 688 2848 explicans
714 2773 883 2847 expedites¹

72 2874 129 2912 non
145 2855 311 2912 invenustus
326 2866 404 2912 actor
424 2854 474 2910 sed
495 2853 573 2911 iners
593 2863 622 2908 et
646 2850 779 2910 inimicus
793 2854 854 2912 sori.

73 2932 106 2992 L.
123 2935 232 2992 Turius
246 2950 331 3011 parvo
346 2934 462 3011 ingenio
484 2934 533 2991 sed
557 2931 645 2990 multo
667 2931 774 3001 labore,
788 2952 856 3008 quo·

72 3035 129 3091 quo
162 3016 247 3074 modo
275 3024 395 3152 poperat
421 3033 497 3092 saepe
524 3011 645 3071 dicebat.
701 3012 801 3089 ltaque
827 3011 856 3070 ei
