1986 3450
147 217 184 275 10
252 213 298 260 DE
320 212 445 261 CLARIS
467 210 820 268 0RAT0R1BUS,cn1›.s.

96 375 122 416 aa
146 369 176 418 et
195 378 345 417 numerum
366 358 509 434 quendam
532 368 660 434 oportere
689 357 803 416 servari.
845 356 924 415 Ante

89 471 91 475 ·
147 441 226 498 huuc
240 439 316 496 enim
331 440 479 496 verborum
493 438 573 513 quasi
588 450 731 496 structura
744 449 774 496 et
793 438 925 513 quaedam

149 520 350 578 adnumerum
364 518 511 576 conclusio
525 518 603 575 nulla
617 527 694 576 erat:
709 528 758 577 aut
771 518 926 594 siquando

149 610 218 672 erat,
232 619 289 658 non
305 598 456 676 apparebat
469 600 532 656 eam
547 599 643 656 dedita
665 616 751 675 opera
774 618 839 657 esse
850 618 927 675 qure-

143 681 248 738 sitam:
263 700 324 756 quae
340 679 456 737 forsitan
469 679 531 736 laus
545 680 597 736 sit:
615 689 807 737 verumtamen
823 691 927 738 natura

149 761 241 838 magis
255 771 314 818 tum
329 779 453 835 casuque
467 778 670 834 nonnunquam
691 778 775 835 quum
798 770 846 817 aut
860 759 928 817 rati·

112 852 203 901 atoue
218 841 312 916 aliqua
333 851 381 898 aut
403 839 601 898 observatione
622 840 716 897 fiebat.
753 839 824 916 *Ipsa
847 838 926 898 enim

148 931 251 981 natura
265 920 526 997 circumscriptione
540 920 661 995 quadum
682 920 830 981 verborum
851 939 930 979 com·

149 1000 300 1079 prehendit
327 1001 528 1077 concluditque
552 1000 742 1072 sententiam
773 1020 835 1075 quae
860 1019 927 1059 cum

151 1081 223 1159 aptis
233 1081 387 1139 constricta
400 1080 492 1138 verbis
505 1090 557 1152 est,
572 1081 650 1138 cadit
663 1081 748 1140 etiarn
762 1081 929 1157 plerumque

150 1181 310 1220 numerose.
351 1159 427 1218 Nam
455 1171 484 1218 et
505 1180 587 1219 aures
611 1161 688 1238 ipse,
712 1159 780 1236 quid
801 1162 928 1239 plenum,

151 1242 218 1318 quid
233 1242 318 1299 inane
332 1241 377 1312 sit,
396 1241 543 1318 judicant;
565 1251 593 1298 et
607 1241 704 1318 spiritu
729 1243 810 1315 quasi
830 1251 929 1300 neces·

150 1323 234 1380 sitate
249 1321 343 1399 aliqua
356 1322 504 1379 verborum
517 1321 731 1398 comprehensio
745 1322 928 1380 terminatur:

151 1401 181 1460 in
195 1422 250 1478 quo
264 1422 323 1461 non
339 1403 422 1460 modo
436 1401 520 1463 defici
541 1402 590 1458 sed
605 1402 691 1459 etiam
704 1401 834 1460 laborare
848 1414 929 1478 turpe

114 1496 141 1537 aa
151 1494 203 1543 est.
236 1481 291 1540 IX.
307 1482 383 1540 Tum
397 1482 449 1540 suit
463 1482 572 1557 Lysias,
587 1482 647 1558 ipse
660 1482 774 1557 quidem
789 1483 818 1541 in
834 1480 931 1540 causis

150 1563 310 1623 forensibus
343 1583 399 1621 non
434 1573 560 1620 versatus
594 1562 643 1620 sed
677 1561 792 1640 egregie
818 1560 931 1619 subtilis

151 1644 269 1719 scriptor
284 1652 367 1718 atque
386 1642 511 1719 elegans,
532 1662 615 1718 quem
634 1641 693 1718 jam
714 1661 802 1719 prope
823 1641 931 1701 audeas

151 1732 290 1781 oratorem
305 1722 461 1812 perfectum
486 1723 590 1781 dicere
625 1721 701 1779 Nam
716 1722 800 1798 plane
815 1722 931 1800 quidem

151 1801 319 1879 perlectum,
347 1812 376 1858 et
406 1801 454 1860 cui
486 1802 555 1860 nihil
584 1803 735 1860 admodum
763 1803 845 1873 desit,
873 1801 932 1859 De-

152 1882 329 1940 mosthenem
354 1880 438 1939 sacile
460 1882 572 1938 dixeris.
614 1880 694 1940 Nihil
712 1893 794 1940 acute
809 1881 933 1940 inveniri

152 1961 245 2038 potuit
258 1961 288 2018 in
308 1960 350 2018 eis
374 1961 478 2031 causis,
502 1981 572 2036 quas
594 1963 715 2038 scripsit,
739 1961 820 2033 nihil,
835 1971 867 2020 ut
892 1960 934 2020 itu

153 2041 258 2109 dicam,
273 2041 401 2113 subdole,
415 2041 486 2099 nihil
501 2051 622 2114 versute,
636 2043 711 2117 quod
725 2042 772 2101 ille
783 2062 840 2101 nou
856 2041 933 2099 vide·

152 2122 206 2192 rit;
228 2120 298 2178 nihil
313 2121 452 2180 subtiliter
471 2121 539 2192 dici,
554 2123 625 2180 nihil
638 2142 743 2198 presse,
767 2122 839 2180 nihil
863 2141 934 2180 euu-

153 2201 255 2271 cleate,
279 2220 335 2276 quo
363 2202 424 2260 fieri
449 2202 537 2279 possit
565 2203 669 2279 aliquid
695 2203 839 2265 limatius:
861 2201 932 2259 nihil

154 2291 254 2341 contra
268 2282 387 2359 grande,
400 2283 469 2341 nihil
484 2282 644 2354 incitatum,
658 2283 729 2341 nihil
743 2292 873 2341 ornatum
888 2282 933 2341 vel

92 2390 93 2395 ¹
152 2364 301 2421 verborum
315 2362 452 2439 gravitate
473 2362 516 2420 rel
540 2363 756 2434 sententiarum,
778 2382 832 2439 quo
853 2362 935 2437 quid·

116 2446 237 2520 mquam
262 2453 337 2501 esset
357 2443 467 2501 elatius.
509 2442 589 2501 Huic
609 2443 768 2520 Hyperides
789 2443 935 2520 proximus

154 2533 182 2582 et
196 2523 351 2583 AEschiues
365 2523 417 2580 suit
431 2535 459 2582 et
472 2523 622 2600 Lycurgus
636 2534 664 2583 et
679 2524 843 2583 Dinarchus
857 2533 886 2581 et
899 2523 935 2594 is,

155 2603 236 2679 cujus
262 2603 342 2662 nulla
367 2614 480 2662 exstant
507 2603 621 2680 scripta,
656 2603 801 2662 Demades
831 2603 935 2679 aliique

154 2683 258 2760 plures.
300 2683 374 2742 Haec
396 2683 473 2740 enim
493 2694 561 2744 aetas
583 2684 683 2742 effudit
705 2685 789 2761 hanc¹
803 2683 934 2761 copiam;

156 2772 195 2832 ct,
209 2774 240 2819 ut
252 2764 348 2841 opinio
361 2782 426 2821 mea
440 2763 502 2834 lert,
517 2783 622 2822 succus
639 2764 686 2822 ille
709 2776 739 2823 et
752 2764 870 2842 sanguis
894 2763 937 2820 in·

156 2854 304 2918 corruptus
317 2862 406 2920 usque
422 2844 457 2900 ad
477 2845 552 2902 hanc
574 2854 687 2903 {etatem
707 2856 849 2904 oratorum
871 2842 936 2915 fuit,

119 2939 145 2980 ar
157 2920 187 2980 iu
201 2940 258 2998 qua
271 2923 408 2982 naturalis
421 2923 528 2982 inesset
541 2944 597 2983 non
612 2925 726 2984 fucatus
739 2926 821 2984 nitor.
862 2921 938 2982 Pha·

156 3002 250 3063 lereus
276 3003 353 3062 enim
378 3005 518 3062 successit
544 3005 586 3062 eis
613 3005 730 3065 senibus
760 3004 937 3074 adolescens,

157 3081 364 3146 eruditissimus
389 3084 439 3144 ille
463 3085 578 3161 quidem
604 3086 704 3145 horum
730 3085 859 3145 omnium
885 3085 939 3143 ssd
