1986 3450
162 213 210 263 DE
231 212 357 264 CLARIS
378 212 609 273 oenomaus
625 213 695 263 Gn.
713 217 751 264 rt.
812 218 851 278 15
938 214 946 237 '

69 353 169 432 inquit,
183 378 268 435 quam
282 359 446 418 necessarie
458 359 574 432 fuerint,
588 377 646 417 non
666 359 752 418 facile
772 360 851 421 dixe-

69 435 141 496 rim:
160 439 289 515 jucunda
310 451 388 496 certe
411 439 481 498 mihi
506 440 620 498 luerunt
643 459 736 516 neque
759 441 851 500 solum

68 535 127 575 non
141 518 226 597 longa
240 520 291 578 sed
305 519 391 576 etiam
407 520 543 593 breviora,
558 539 644 596 quam
660 521 770 579 vellem.

107 597 234 675 Optime,
249 600 381 676 inquam:
400 601 452 658 sed
467 599 613 658 veniamus
632 601 668 658 ad
682 610 800 672 nostros,
814 601 850 659 de

68 677 172 752 quibus
192 680 309 738 difficile
329 690 372 738 est
387 681 454 765 plus
475 680 643 757 intelligere,
658 700 743 757 qnam
763 699 852 756 quan·

68 765 130 816 turn
144 779 180 818 ex
194 760 384 818 monumentis
397 761 537 837 suspicari
530 761 626 821 licet.
668 761 754 820 XIV.
774 760 852 822 Quis
862 775 887 815 aa

68 839 156 896 enim
161 851 241 916 putet
255 850 303 898 aut
316 840 517 899 celeritatem
510 841 619 919 ingenii
641 840 676 901 L.
690 842 778 900 Bruto
799 840 851 913 illi,

68 918 228 978 nobilitatis
241 931 338 981 vestrae
353 921 486 998 principi,
500 906 672 979 defuisset
666 923 714 998 qui
734 923 771 980 de
793 940 852 980 ma·

67 1008 114 1057 tre
140 1000 295 1059 suavianda
321 1021 357 1060 er
377 1002 495 1060 oraculo
517 1001 659 1078 Apollinis
686 1013 744 1060 tarn
767 1011 851 1060 acute

69 1090 225 1157 arguteque
247 1081 412 1158 conjecerit,
436 1082 484 1158 qui
506 1101 646 1142 summam
672 1082 851 1173 prudentiam

69 1158 250 1220 simulatione
275 1161 402 1221 stultitiae
427 1163 538 1231 texerit,
553 1163 601 1239 qui
624 1162 851 1252 potentissimum

69 1257 176 1318 regem,
201 1241 352 1300 clarissimi
376 1243 452 1319 regis
476 1242 565 1300 lilium
569 1243 740 1319 e,xpulerit,
755 1236 853 1299 ciiita·

68 1329 182 1398 temque
195 1332 332 1399 perpetuo
345 1322 492 1381 dominatu
514 1321 663 1380 liberatam
683 1320 854 1398 magistrati·

69 1399 123 1458 bus
149 1403 263 1475 annuis,
286 1402 398 1479 legibus
419 1402 592 1478 judiciisque
611 1401 780 1474 devinxerit,
803 1400 852 1476 qui

68 1480 185 1558 collegae
200 1502 253 1541 suo
267 1482 416 1556 imperium
443 1480 629 1571 abrogaverit,
644 1490 681 1538 ut
697 1500 714 1538 e
738 1480 854 1538 civitate

67 1561 173 1638 regalis
197 1561 321 1619 nominis
343 1561 507 1621 memoriam
530 1560 656 1618 tolleret:
678 1561 753 1636 quod
776 1570 854 1618 certe

67 1639 145 1698 effici
170 1660 228 1698 non
253 1635 400 1731 potuisset,
415 1641 470 1698 nisi
493 1651 569 1698 esset
591 1641 718 1700 oratione
740 1658 855 1718 persua·

65 1737 142 1779 sum.
183 1719 344 1777 Videmus'
337 1731 406 1778 rtem
419 1721 520 1812 paucis
541 1721 623 1778 annis
636 1732 699 1799 post
712 1741 795 1798 reges
808 1741 854 1780 ex·
842 1732 890 1774 ιιι

67 1808 149 1859 actos
160 1818 227 1859 oum
240 1800 337 1877 plebes
347 1820 435 1878 prope
449 1801 540 1878 ripam
551 1801 675 1861 Anienis
689 1802 725 1860 ad
739 1803 854 1860 tertium

67 1880 232 1939 milliarium
247 1881 424 1939 consedisset
425 1901 570 1973 ,eumque
591 1893 714 1940 montem
718 1902 789 1958 ,qur
781 1883 855 1942 'Sa-

68 1979 117 2020 cer
142 1961 298 2039 appellatus
324 1972 378 2034 est,
403 1963 612 2039 occupavisset,
637 1961 678 2020 M.
707 1930 855 2021 Valerium

68 2041 238 2100 dictatorem
265 2008 389 2101 dicendb
410 2043 554 2100 sedavisse
582 2034 749 2115 discordias,
771 2043 855 2119 eique

68 2122 183 2181 obeam
197 2141 257 2180 rem
272 2122 394 2181 honores
408 2123 596 2199 amplissimos
610 2123 731 2191 habitos,
745 2132 775 2180 et
788 2141 855 2181 eum

69 2201 192 2279 primum
210 2202 247 2261 ob
270 2221 334 2260 eam
357 2203 446 2279 ipsam
470 2200 770 2271 causamMaximnm
791 2221 856 2261 esse

72 2282 252 2360 appellatum
293 2281 340 2340 Ne
365 2281 399 2339 L.
421 2281 569 2343 Valerium
591 2283 706 2358 quidem
728 2283 855 2342 Potitbm

72 2363 190 2422 arbitror
212 2382 270 2421 non
293 2362 399 2439 aliquid
422 2363 546 2438 potuisse
567 2362 701 2431 dicendo,
723 2363 771 2438 qui
795 2367 857 2451 post

71 2442 291 2501 decemviralem
306 2443 443 2500 invidiam
466 2440 610 2519 plebem
604 2462 632 2500 ιιι
647 2453 742 2520 patres
756 2441 857 2499 incita·

71 2533 132 2581 tam
159 2523 269 2599 legibus
295 2533 325 2581 et
358 2521 550 2581 concionibus
581 2523 642 2581 suis
675 2519 855 2614 mitigaverit

71 2604 228 2664 Possumus
242 2603 366 2680 Appium
381 2603 536 2661 Claudium
557 2604 695 2680 suspicari
687 2602 856 2674 disertum,
867 2613 894 2653 5⁵

71 2682 142 2760 quia
165 2692 294 2740 senatum
314 2683 431 2760 jamjam
455 2666 624 2742 inclinatum
639 2703 656 2741 a
670 2681 771 2758 Pyrrhi
784 2703 857 2760 pace

72 2760 264 2822 revocaverit:
284 2781 438 2838 possumus
448 2762 482 2820 Ο.
498 2763 675 2830 Fabricium,
690 2762 756 2838 quia
769 2763 806 2822 sit
821 2763 857 2822 ad

72 2842 214 2919 Pyrrhum
229 2841 265 2899 de
279 2844 398 2919 captivis
412 2843 617 2921 recuperandis
631 2842 733 2901 missus
746 2857 856 2913 oraton

72 2922 122 2982 Ti.
129 2922 352 2981 Coruncanium
356 2924 452 3016 ‚quod
471 2943 507 2982 er
526 2922 695 3016 pontificum
716 2942 859 2983 commen·

73 3003 154 3061 tariis
166 3002 251 3081 longe
264 2970 443 3097 plurininm
436 3005 553 3083 ingenio
573 3002 695 3062 valuisse
709 3005 856 3074 videatur;

74 3081 128 3143 Μ’.
149 3083 282 3156 Curium,
301 3084 407 3161 quod
400 3104 425 3144 rs
448 3083 693 3162 tribunusplebis
716 3085 865 3158 interrege
