1986 3450
141 225 180 284 40
239 221 285 271 DE
308 220 433 271 CLARIS
456 219 686 280 ORATORlBUS,
702 218 772 270 Cae.
788 219 827 269 36.

140 387 234 427 sermo
248 369 368 428 Latinus
381 390 389 440 3
409 390 471 446 quae
482 369 548 428 ‘laus
562 367 678 427 dicendi
699 385 755 424 non
770 365 925 425 mediocris

142 449 178 508 ab
199 451 357 508 oratoribus
378 450 518 526 plerisque
539 449 673 526 neglecta
693 458 744 505 est.
785 446 864 504 Nam
887 448 924 505 de

141 549 211 588 sono
226 532 303 588 vocis
316 544 345 588 et
357 531 495 588 suauitate
511 530 742 605 appellandarum
764 526 923 600 literarum,

140 612 273 686 quoniam
293 611 382 668 filium
405 611 572 688 cognovisti,
587 610 645 667 noli
668 616 834 687 exspectare
854 609 923 684 quid

139 691 252 749 dicam:
272 709 441 766 quamquam
456 691 530 747 lilius
544 690 656 765 quidem
678 707 734 745 non
751 687 803 744 fuit
818 689 847 746 in
862 708 924 747 ora·

139 780 231 830 torum
247 790 375 842 numero,
390 772 440 828 sed
454 790 509 828 non
524 771 622 827 deerat
645 768 672 826 ei
696 779 792 825 tamen
814 769 844 827 iu
860 789 924 827 sen·

138 852 228 908 tentia
241 850 365 909 dicenda
380 847 448 908 cum
459 851 611 928 prudentia
630 859 689 905 tum
704 848 822 924 elegans
835 850 923 924 quod·

91 953 128 995 1³⁴
139 931 204 988 dam
218 941 246 989 et
257 931 401 988 eruditum
417 930 554 990 orationis
575 949 675 1007 genus.
717 927 783 985 Nec
806 929 921 988 habitus

136 1019 289 1068 esttamen
305 1022 383 1088 pater
398 1012 458 1088 ipse
474 1011 595 1070 Catulus
609 1010 742 1087 princeps
757 1008 786 1065 iu
802 1028 923 1068 numero

137 1101 337 1168 patronorum:
366 1092 417 1148 sed
441 1103 504 1149 erat
529 1090 604 1158 talis,
629 1099 669 1157 ut,
692 1106 758 1146 cum
781 1091 921 1163 quosdam

138 1169 261 1242 audires,
275 1171 397 1247 quitum
412 1181 493 1230 erant
510 1182 685 1248 prestantes,
700 1168 843 1227 videretur
858 1189 922 1228 esse

137 1248 269 1310 inferior:
292 1271 358 1309 cum
373 1263 468 1310 autem
483 1253 575 1329 ipsum
597 1250 710 1308 audires
730 1248 793 1306 siue
807 1268 921 1327 compa·

137 1331 257 1404 ratione,
279 1352 336 1390 uon
361 1333 444 1390 modo
467 1342 618 1391 contentus
639 1349 729 1398 esses,
744 1329 794 1386 sed
818 1331 922 1388 melius

88 1430 194 1474 uranon
208 1432 357 1488 quaereres.
398 1412 438 1476 Q.
454 1412 589 1480 Metellus
611 1409 785 1468 Numidicus
805 1420 834 1468 et
859 1411 921 1488 ejus

137 1492 249 1571 collega
264 1494 305 1553 M.
321 1493 437 1550 Silanus
451 1493 587 1551 dicebant
609 1492 689 1548 dere
704 1488 828 1565 publica,
844 1491 920 1567 quod

136 1584 212 1631 esset
226 1572 282 1631 illis
296 1573 363 1630 viris
377 1585 406 1630 et
430 1572 573 1631 consulari
598 1569 732 1647 dignitati
751 1570 833 1629 satis.
877 1569 919 1630 M.

137 1651 272 1710 Aurelius
286 1654 414 1711 Scaurus
434 1672 491 1711 non
512 1671 586 1729 saepe
607 1651 722 1708 dicebat
742 1650 792 1707 sed
813 1651 918 1726 polite;

135 1729 239 1789 Latine
266 1750 332 1790 uero
365 1733 395 1789 in
422 1733 521 1808 primis
554 1743 597 1790 est
624 1732 769 1807 eleganter
796 1730 921 1793 locutus'

134 1809 211 1873 Quae
232 1811 295 1869 laus
317 1811 417 1870 eadem
437 1813 466 1870 in
494 1813 531 1870 A.
552 1812 659 1869 Albino
687 1811 759 1866 bene
782 1810 919 1880 loquendi

134 1891 195 1948 suit.
238 1890 266 1948 N
270 1910 314 1948 am
329 1891 433 1949 flamen
449 1892 572 1950 Albinus
585 1892 671 1949 etiam
696 1890 725 1947 in
741 1908 862 1951 nurnero
875 1904 919 1952 est

134 1969 248 2028 habitus
270 1971 447 2029 disertorum.
488 1971 528 2033 Q.
549 1971 636 2029 etiam
661 1969 770 2045 Caepio,
785 1971 826 2028 vir
851 1992 918 2033 acer

134 2059 163 2107 et
177 2050 264 2122 fortis,
280 2051 327 2109 cui
342 2051 454 2110 sortuna
468 2052 534 2109 belli
557 2051 680 2119 crimini,
696 2049 802 2108 invidia
819 2054 918 2131 populi

86 2152 123 2194 rm
134 2129 289 2189 calamitati
304 2131 364 2190 fuit.
405 2131 552 2191 XXXVI.
575 2131 653 2190 Tum
675 2131 761 2189 etiam
785 2131 820 2193 C.
835 2148 866 2191 et
882 2135 915 2196 L.

134 2207 265 2269 Memmii
279 2212 394 2271 fuerunt
406 2224 532 2271 oratores
550 2214 718 2281 mediocres,
734 2226 918 2273 accusatores

134 2310 216 2351 acres
231 2302 314 2368 atque
339 2293 454 2351 acerbi:
477 2294 571 2370 itaque
595 2294 625 2351 iu
646 2290 787 2370 judicium
813 2295 918 2371 capitis

133 2373 237 2431 multos
253 2386 436 2445 uocauerunt,
451 2393 501 2450 pro
523 2374 579 2431 reis
605 2393 662 2432 non
684 2389 759 2446 saepe
773 2372 916 2435 dixerunt.

94 2507 99 2519 ,
133 2453 182 2530 Sp.
196 2453 323 2512 Thorius
347 2454 415 2510 satis
430 2454 517 2512 valuit
539 2454 568 2510 in
593 2454 722 2530 populari
746 2472 854 2530 genere
876 2456 918 2514 di-

133 2534 229 2605 cendi,
244 2534 278 2605 is,
292 2533 340 2610 qui
361 2552 460 2610 agrum
484 2534 631 2611 publicum
647 2535 746 2593 vitiosa
769 2545 797 2590 et
822 2535 916 2595 inutili

132 2610 196 2688 lege
215 2613 348 2691 vectigali
373 2614 483 2671 levavit.
526 2613 567 2671 Μ.
583 2611 750 2685 Marcellus,
767 2614 916 2675 AEserniui

132 2703 222 2767 pater,
247 2714 304 2753 non
332 2693 379 2751 ille
403 2694 516 2768 quidem
545 2695 573 2751 in
601 2694 727 2769 patronis
754 2694 803 2752 sed
827 2709 858 2752 et
886 2697 916 2758 in

132 2774 267 2848 promptis
282 2787 376 2832 tamen
391 2785 419 2831 et
433 2793 490 2831 non
507 2774 699 2831 inexercitatis
711 2775 915 2836 addicendum

84 2871 122 2913 rar
133 2851 195 2921 fuit,
212 2864 240 2909 ut
264 2854 338 2913 filius
359 2854 420 2930 ejus
441 2853 472 2913 P.
489 2853 636 2912 Lentulus.
678 2855 710 2915 L.
727 2857 812 2913 etiam
828 2857 917 2916 Cotta

131 2932 278 3009 pretorius
306 2937 335 2992 in
359 2933 546 2994 mediocrium
568 2946 710 2993 oratorum
732 2955 852 2997 numero
875 2937 918 2994 di·

132 3013 219 3072 cendi
233 3030 288 3071 nou
304 3013 343 3072 ita
356 3015 476 3073 multum
499 3013 584 3071 laude
607 3025 791 3091 processerat,
807 3017 858 3074 sed
878 3017 927 3081 de.

132 3092 270 3154 industria
284 3112 349 3154 cum
364 3095 456 3162 verbis
469 3105 529 3154 tum
554 3093 641 3155 etiam
666 3097 725 3175 ipso
748 3114 818 3157 sono
831 3097 916 3176 quasi
