1986 3450
138 212 179 273 94
246 216 293 266 DE
312 217 439 268 CLARIS
461 217 836 276 0RAT0R1BUs,ca1=.tttt.

137 361 216 420 enim
230 365 371 423 Catonem
384 373 464 422 tuum
479 376 511 421 ut
533 363 637 436 civem,
651 374 683 422 ut
705 371 882 437 senatorem,
896 375 928 424 ut

138 442 349 519 imperatorem,
364 453 396 503 ut
416 445 507 502 virum
532 444 656 522 denique
680 465 746 519 cum
768 446 926 522 prudentia

44 517 48 534 ¹
137 532 167 580 et
177 523 326 603 diligentia
337 537 396 582 tum
410 525 488 583 omni
503 525 605 582 virtute
617 526 804 593 excellentem
816 527 924 603 probo:

137 605 281 664 orationes
306 617 400 662 autent
424 605 486 680 ejus
511 617 541 662 ut
564 605 620 663 illis
643 607 818 683 temporibus
841 607 924 664 valde

138 682 240 744 laudo:
257 685 422 762 significant
433 686 509 743 enim
522 687 665 763 quandam
681 688 800 745 formam
812 686 922 764 ingenii

138 765 189 822 sed
205 766 355 836 admodum
371 765 527 843 impolitam
546 777 575 824 et
596 767 681 844 plane
693 768 825 825 rudem..
859 767 922 824 Ori·

138 845 221 921 gines
247 865 312 903 vero
333 865 400 903 cum
423 847 557 905 omnibus
577 848 697 905 oratoris
720 848 858 906 laudibus
881 866 922 906 re·

139 926 225 984 fertus
238 927 360 998 diceres,
374 938 404 986 et
417 928 557 987 Catonem
571 947 637 985 cum
660 928 780 988 Philisto
797 939 827 986 et
841 929 922 988 Thu·

137 1008 240 1084 cydide
251 1028 441 1085 comparares,
453 1008 580 1066 Brutone
591 1019 619 1066 te
630 1009 658 1067 id
670 1010 810 1068 censebas
822 1027 861 1068 an
873 1008 921 1066 mi·

137 1087 168 1148 bi
182 1090 386 1166 probaturuml
406 1089 491 1151 Quos
505 1089 583 1147 enim
600 1109 637 1147 ne
650 1109 667 1148 e
678 1090 920 1166 Graecisquiden

136 1172 285 1248 quisquam
298 1170 402 1228 imitari
412 1179 513 1246 potest,
524 1170 559 1227 iis
573 1183 603 1227 tu
615 1189 762 1247 comparas
774 1171 920 1228 hominem

137 1249 337 1310 Tusculanum
359 1251 487 1308 nondum
511 1250 714 1327 suspicantem,
737 1249 822 1328 quale
847 1259 921 1308 esset

86 1348 127 1390 sas
137 1333 253 1409 copiose
277 1343 306 1390 et
328 1341 428 1390 ornate
456 1331 560 1389 dicere.
602 1330 781 1390 LXXXVI:
797 1330 920 1388 Galbam

136 1412 255 1482 laudas3
277 1413 301 1470 si
315 1421 347 1472 ut
370 1412 446 1472 illius
467 1411 558 1470 aetatis
577 1411 746 1488 principem,
762 1412 920 1480 assentior;

137 1493 180 1551 sic
213 1493 291 1551 enim
325 1493 506 1570 accepimus:
527 1491 571 1549 sin
599 1502 630 1549 ut
656 1503 807 1558 oratorem,
837 1491 920 1557 cedo,

136 1591 242 1649 quaeso,
256 1573 399 1632 orationes
414 1575 495 1649 (suut
508 1572 610 1650 enim),
626 1582 654 1629 et
668 1572 716 1630 dic
729 1572 820 1642 hunc,
834 1587 920 1647 quem

136 1664 168 1710 tu
181 1654 342 1731 plusquam
357 1664 385 1711 te
401 1672 489 1724 amas,
504 1652 624 1710 Brutum
639 1653 711 1710 velle
730 1662 759 1709 te
772 1651 822 1709 illo
836 1651 921 1709 modo

136 1732 242 1790 dicere.
284 1733 400 1792 Probas
413 1733 515 1809 Lepidi
536 1733 695 1791 orationes:
720 1732 849 1809 paullum
874 1731 920 1789 hio

135 1812 188 1869 tibi
203 1814 350 1882 assentior,
366 1813 503 1887 modo-ita
516 1811 615 1871 laudes
631 1824 660 1870 ut
675 1813 822 1888 antiquas:
845 1810 920 1888 quod

135 1891 203 1950 item
229 1895 266 1951 de
287 1892 436 1962 Africano,
453 1892 489 1949 de
514 1891 612 1962 Laelio,
636 1892 719 1970 cujus
739 1903 770 1949 tu
792 1893 921 1950 oratione

135 1990 224 2048 negas
239 1973 301 2030 fieri
315 1972 469 2048 quidquam
491 1991 575 2048 posse
599 1972 722 2043 dulcius,
738 1972 824 2030 addis
832 1973 920 2031 etiam

134 2053 233 2111 nescio
246 2053 314 2129 quid
330 2053 494 2129 augustius:
516 2052 631 2111 nornine
652 2074 704 2112 nos
719 2053 800 2128 capis
814 2051 920 2115 summi

134 2131 186 2190 riri
212 2134 331 2210 ritaeque
355 2133 574 2212 elegantissimae
599 2133 752 2191 verissimis
772 2133 918 2191 laudibus.

134 2212 265 2272 Remove
284 2215 363 2273 haec:
385 2216 498 2273 meista
520 2215 612 2272 dulcis
636 2214 726 2273 oratio
748 2214 788 2271 ita
810 2212 849 2271 sit
871 2213 918 2271 ab·

84 2313 123 2353 aso
131 2292 219 2371 jecta,
234 2306 266 2353 ut
279 2314 343 2354 eam
358 2296 506 2372 adspicere
529 2315 614 2354 nemo
636 2296 711 2352 velit.
753 2293 919 2353 Carbonem

134 2375 164 2433 in
179 2377 296 2434 summis
309 2376 468 2433 oratoribus
482 2375 610 2433 habitum
633 2376 710 2433 scio:
732 2375 783 2432 sed
805 2373 919 2432 cumin

125 2456 238 2514 'ceteris
252 2457 337 2549 gebus
351 2467 412 2513 tum
432 2455 461 2512 iu
484 2455 608 2514 dicendo
632 2474 752 2531 semper,
766 2474 823 2530 quo
845 2451 918 2512 nibil

133 2547 178 2592 est
200 2538 310 2610 melius,
336 2536 364 2593 id
389 2536 509 2606 laudari,
533 2536 732 2612 qualecunque
758 2547 811 2606 est,
835 2535 918 2594 solet.

134 2615 210 2673 Dico
224 2618 299 2676 idem
314 2617 350 2674 de
363 2615 504 2673 Gracchis
516 2636 523 2685 ;
545 2617 598 2673 etsi
621 2616 657 2673 de
681 2616 716 2673 iis
729 2634 764 2673 ea
778 2623 844 2672 sunt
859 2633 876 2672 a
890 2624 919 2671 te

134 2693 221 2766 dicta,
248 2698 351 2773 quibus
377 2714 431 2772 ego
458 2696 604 2754 assentior.
651 2694 763 2754 Omitto
789 2706 919 2753 ceteros:

133 2773 217 2831 venio
230 2777 265 2833 ad
279 2798 337 2850 eos,
353 2777 382 2835 iu
397 2776 501 2854 quibus
511 2776 571 2852 jam
586 2775 742 2851 perfectam
756 2786 840 2852 putas
853 2793 919 2833 esse

132 2855 335 2929 eloquentiam,
349 2877 419 2934 quos
441 2875 496 2932 ego
521 2856 616 2912 audiri
636 2856 699 2914 sine
723 2854 918 2914 controversie

132 2954 252 3012 magnos
278 2950 413 3009 oratores,
441 2938 577 2995 Crassum
604 2947 634 2993 et
661 2936 828 2994 Antonium.
871 2935 918 2994 De

131 3017 232 3076 borum
244 3015 376 3076 laudibus
390 3017 442 3077 tibi
455 3036 568 3094 prorsus
583 3017 734 3075 assentior:
754 3017 804 3074 sed
818 3025 917 3074 tamen

44 3140 47 3147 -
131 3115 189 3157 non
217 3097 272 3156 isto
298 3099 392 3171 modo,
416 3108 450 3158 ut
475 3096 613 3174 Polycleti
645 3097 833 3173 doryphorum
859 3095 916 3155 sibi
