1986 3450
163 111 210 161 on
233 88 359 161 oannis
383 110 612 171 onsronruus,
629 114 697 163 oss.
713 98 752 163 st.
809 96 848 176 *tl

67 257 229 318 subrustico
245 259 473 337 prosequebatur
489 267 573 336 atque
592 258 758 319 imitabatur
779 261 851 320 anti-

66 339 212 416 quitatem.
252 396 256 407 ,
398 360 400 364 ⁴

109 421 203 496 Atque
218 440 272 498 ego
285 429 314 476 et
329 420 357 477 in
372 420 455 478 hoc
448 440 509 497 ipso
530 422 615 479 Cotta
626 432 657 478 et
672 421 700 478 in
716 373 778 477 aliis
791 423 851 497 plu·

67 500 147 557 ribus
173 501 301 590 intelligo
326 520 371 558 me
391 520 447 558 non
475 502 513 558 ita
535 491 654 559 disertos
673 501 803 558 homines
822 512 850 560 et

65 581 232 638 retulisse
227 601 255 637 111
283 592 422 639 oratorum
451 601 601 639 numerum
629 593 658 639 et
684 581 848 655 relaturum.
940 593 943 600 '

66 660 121 717 Est
134 661 211 718 enim
216 662 397 752 propositum
413 662 547 739 colligere
571 682 629 730 eos,
644 664 692 738 qui
713 663 768 720 hoc
790 681 850 719 mu-

65 760 137 799 nere
152 742 180 798 in
196 742 309 800 civitate
324 743 414 801 suncti
429 743 494 815 sint,
509 755 540 801 ut
564 753 694 800 tenerent
706 753 849 801 oratorum

65 813 181 891 loonm;
202 842 319 898 quorum
334 825 447 899 quidem
462 843 525 898 quae
550 823 634 880 luerit
657 824 807 882 adscensio
820 835 850 881 et

65 913 153 978 quam
167 901 196 960 in
211 904 342 961 omnibus
356 905 441 962 rebus
458 903 583 961 difficilis
597 903 698 981 optimi
711 904 849 980 perfectio

66 992 151 1057 atque
176 983 322 1055 absolutio,
344 985 386 1041 ex'
399 1004 442 1053 eo,
464 985 539 1060 quod
564 985 669 1054 dicam,
694 985 849 1043 existimari

65 1072 167 1139 potest.
207 1062 307 1125 Quam
322 1065 403 1122 multi
414 1065 495 1129 enim
506 1064 566 1140 jam
586 1073 710 1126 oratores
727 1083 898 1125 comme-rae

65 1142 168 1200 morati
182 1156 257 1217 sunt,
271 1156 301 1202 et
314 1163 399 1219 quarn
414 1145 462 1202 diu
478 1145 507 1201 in
522 1163 620 1202 eorum
635 1144 849 1203 enumeratione

63 1241 218 1296 versamur,
234 1244 301 1283 curn
315 1234 410 1282 tamen
425 1225 514 1300 spisse
529 1236 613 1299 atque
626 1223 682 1294 vix,
696 1232 728 1280 ut
741 1222 849 1282 dudum

65 1303 102 1361 ad
124 1303 349 1362 Demosthenem
373 1314 402 1361 et
431 1303 618 1380 Hyperidem,
643 1303 686 1360 sic
713 1322 792 1361 nunc
813 1303 849 1361 ad

64 1383 433 1458 AntoniumCrnssumque
456 1382 653 1461 pervenimus!
695 1381 850 1460 Namego

63 1464 108 1522 sic
121 1465 253 1525 existimo
268 1463 319 1521 hos
332 1474 457 1521 oratores
471 1464 557 1522 fuisse
571 1463 709 1522 maximos
717 1474 748 1520 et
761 1463 791 1520 in
805 1463 849 1522 his

60 1543 188 1622 primum
214 1563 280 1600 cum
302 1544 474 1602 Graeoorum‘
511 1544 582 1603 loria
606 1544 709 1603 Latine
733 1542 848 1602 dicendi

61 1624 177 1701 copiam
199 1633 348 1700 aeqnatam.
389 1565 552 1696 XXXlg'II.
574 1623 682 1682 Omnia
696 1624 848 1683 veniebant
856 1645 897 1685 rm

62 1704 194 1764 Antonio
221 1705 251 1763 in
278 1714 424 1762 mentem:
445 1723 535 1782 eoque
559 1724 611 1763 suo
634 1705 752 1781 quaeque
773 1705 846 1778 locu,

62 1785 114 1844 nbi
127 1785 281 1862 plurimum
300 1784 441 1863 prolicere
466 1796 494 1843 et
507 1787 602 1851 ualere
625 1796 750 1862 possent,
762 1797 797 1843 ut
811 1786 847 1843 ab

62 1867 235 1944 imperatore
256 1865 375 1941 equites,
398 1866 518 1943 pedites,
540 1866 611 1924 levis
636 1878 789 1938 armatura,
804 1866 847 1924 sic

63 1946 101 2004 ab
115 1946 164 2005 illo
176 1946 206 2004 111
226 1946 349 2003 maxime
370 1947 536 2023 opportunis
559 1945 697 2004 orationis
719 1946 847 2023 partibus
918 1957 919 1960 ’

63 2026 288 2085 collocabantur.
341 2025 413 2083 Erat
448 2026 586 2085 memoria
616 2044 737 2098 summa,
767 2026 848 2085 nulla

62 2106 257 2166 meditationis
270 2105 412 2182 suspicio:
434 2107 590 2197 imparatus
603 2125 714 2183 semper
728 2105 847 2184 aggredi

63 2187 101 2246 ad
115 2187 271 2246 dicendum
285 2186 453 2245 ridebatur:
475 2188 524 2244 red
547 2186 587 2244 ita
600 2197 661 2244 erat
674 2198 800 2264 paratus,
814 2194 847 2242 ut

58 2267 174 2359 judices
188 2268 237 2329 illo
250 2267 365 2325 dicente
386 2284 591 2343 nonnunquam
606 2267 769 2325 viderentur
788 2282 846 2322 non

62 2348 134 2406 satis
159 2348 249 2424 parati
272 2348 309 2404 od
330 2346 490 2405 cavendum
516 2347 611 2406 luisse.
654 2344 781 2404 Verba
774 2360 845 2421 ipsa,
857 2366 897 2406 111

62 2447 122 2488 non
142 2427 191 2485 illa
212 2426 324 2505 quidem
350 2427 563 2519 elegantissimp
582 2445 712 2486 sermone
736 2424 845 2503 (itaque

61 2509 215 2584 diligenter
230 2509 362 2587 loquendi
376 2508 461 2567 laude
475 2509 568 2567 carnit
570 2526 682 2586 ,neque
697 2516 791 2565 tamen
803 2516 849 2567 est

62 2587 238 2648 admodum
229 2590 379 2666 mquinate
401 2589 527 2670 locutus)
550 2590 601 2648 sed
625 2588 683 2658 illa,
697 2606 760 2663 quae
784 2607 848 2664 pro·

82 2689 125 2728 rre
135 2668 197 2727 laus
210 2670 328 2728 oratoris
341 2681 385 2727 est
398 2671 428 2728 in
439 2671 531 2728 verbis
547 2668 646 2746 (nam'
640 2686 730 2744 ipsum
742 2667 849 2728 Latine

60 2669 139 2829 loqui
165 2760 208 2808 est
232 2751 302 2809 illud
327 2750 452 2827 quidem,
473 2761 504 2808 ut
523 2749 618 2827 paullo
640 2759 706 2806 ante
730 2748 821 2820 dixis
814 2767 844 2807 m

62 2848 169 2908 magna
201 2831 286 2889 laude
318 2832 495 2906 ponendum;
524 2831 575 2887 sed
608 2847 664 2886 non
700 2839 759 2888 tam
792 2846 845 2885 sua

62 2921 173 2988 sponte,
187 2930 272 2987 quam
294 2911 369 2987 quod
392 2923 435 2970 est
460 2930 477 2969 a
499 2909 641 2989 plerisque
663 2909 844 2987 neglectum:

62 3011 120 3050 non
134 2992 212 3050 eninr
224 3001 284 3050 tam
298 2991 467 3066 preclarum
480 3001 526 3050 est
547 2990 627 3050 scire
642 2990 758 3052 Latine
770 3003 868 3064 quarn

299 3072 337 3132 4*
