1986 3450
177 225 224 274 Du
239 223 368 274 CLARIS
385 221 617 280 ORATORlBUS,
635 223 759 274 Cende.
828 227 865 287 91

77 373 180 431 chares
195 369 364 446 euremari
379 368 433 427 fuit
452 368 641 427 Demostheni
659 370 767 429 ¹'sororis
781 370 866 446 filius,

79 464 111 510 et
136 452 280 511 orationes
298 450 422 526 'scripsit
450 450 570 525 aliquot;
592 463 621 507 et
645 469 742 508 earum
770 471 866 512 rerum

81 533 237 604 historiam,
252 551 315 608 que
329 541 411 588 erant
425 530 549 587 Athenis
568 530 657 607 ipsius
672 541 755 590 aetete
768 544 866 610 gestae,

82 624 221 672 nontam
249 611 385 669 historico
413 628 497 686 quam
522 612 646 669 oratorio
670 631 776 689 genere
805 633 868 690 per·

79 694 203 770 scripsit.
246 693 286 750 At
300 690 425 749 Charisii
440 689 499 749 vult
514 691 656 768 Hegesias
677 712 742 750 esse
756 693 866 766 similis,

80 774 162 851 isque
176 792 207 831 se
220 773 261 830 ita
274 782 354 848 putat
367 770 509 842 Atticum,
525 783 556 829 ut
578 791 657 830 veros
682 773 744 831 illos
762 793 820 850 prae
835 794 866 832 se

79 873 164 932 paene
180 863 305 930 agrestes
319 862 405 928 putet.
448 852 488 908 At
502 852 570 928 quid
593 861 637 910 est
657 863 715 911 tem
732 854 865 927 fractum,
876 869 915 910 sse

79 945 141 992 tam
157 933 307 1000 minutam,
321 942 381 989 tarn
395 932 424 990 in
440 931 501 1009 ipsa
524 931 622 1009 (quarn
633 942 743 992 ‘tamen
766 954 866 994 couse-

79 1014 191 1092 quitur)
207 1012 401 1072 concinnitate
414 1012 547 1089 pucrilel
582 1013 742 1072 Atticorum
758 1016 866 1074 similes

80 1113 146 1152 esse
160 1095 298 1154 volumus.
338 1093 465 1170 Optime.
508 1093 620 1155 Suntne
638 1095 723 1170 igitur
738 1095 758 1152 ii
773 1097 865 1155 Attici

81 1175 230 1233 oratores-l
252 1173 346 1236 ‘Quis
360 1192 466 1251 negare
480 1175 592 1248 potestl
634 1175 696 1232 Hos
712 1175 865 1235 imitamur.

81 1254 152 1317 Quo
166 1255 257 1326 modo,
272 1254 402 1330 quisunt
415 1264 444 1311 et
459 1254 532 1311 inter
546 1272 577 1310 se
592 1253 743 1311 dissimiles
756 1265 786 1311 et
800 1256 866 1314 alic·

81 1336 165 1393 ruml
198 1334 413 1410 Thucydidem,
430 1333 530 1409 inquit,
545 1332 706 1391 imitamui:
739 1332 866 1412 Optime,

80 1415 106 1473 si
120 1416 265 1475 historiam
280 1413 416 1485 scribere,
431 1433 487 1471 uon
512 1413 536 1470 si
560 1413 664 1472 causas
677 1414 775 1473 dicere
789 1415 867 1493 cogi·
893 1446 897 1453 ·

80 1496 156 1554 tetis.
197 1494 387 1569 Thucydides
410 1493 487 1550 enirn
514 1513 611 1551 rerum
639 1503 783 1572 gestarum
805 1514 867 1572 pro·

81 1577 227 1634 nuntiator
255 1574 384 1631 sincerus
411 1583 439 1630 et
463 1574 580 1651 grandis
605 1575 690 1632 etiam
717 1575 788 1635 suit:
810 1567 866 1634 hoo

81 1656 207 1727 forense,
222 1653 472 1724 concertatorium,
491 1654 630 1730 judiciale
654 1674 710 1713 non
733 1657 866 1715 tractavit

81 1754 183 1814 genus.
225 1732 378 1791 Orationes
392 1744 497 1806 autem,
511 1753 582 1811 quas
598 1733 766 1812 interposuit
781 1736 866 1815 (mul-

81 1829 119 1875 tae
141 1815 217 1874 enim
242 1814 334 1894 sunt),
359 1832 408 1871 eas
428 1833 483 1892 ego
506 1814 624 1873 laudare
646 1816 739 1887 soleo;
761 1817 865 1877 imitari

79 1915 173 1973 neque
200 1894 315 1973 possim,
340 1894 364 1952 si
392 1895 484 1966 velim,
506 1914 561 1954 nec
581 1896 666 1954 velim
692 1896 819 1970 fortasse,
841 1899 866 1958 si

78 1977 205 2055 possim·
237 1975 284 2047 Ut,
299 1975 323 2032 si
336 1975 400 2051 quis
414 1974 618 2035 Falernocvino
632 1977 799 2051 delectetur,
814 1979 865 2037 sed

80 2077 117 2116 eo
129 2077 185 2116 nec
205 2057 244 2114 ita
265 2073 349 2127 novo,
364 2066 396 2114 ut
419 2055 559 2132 proximis
575 2058 744 2117 ¹consulibus
766 2070 865 2119 natum

80 2138 158 2209 velit,
183 2156 238 2195 nec
264 2153 362 2194 rursus
388 2136 428 2193 ita
454 2137 559 2207 vetere,
583 2148 614 2197 ut
640 2137 788 2215 Opimium
817 2149 866 2198 aut

81 2217 220 2276 Anicium
245 2215 392 2274 consulem
414 2226 523 2295 quaerat
545 2215 636 2295 (atqui
654 2239 696 2277 eae
710 2232 785 2278 note
799 2228 865 2278 sunt

78 2297 214 2375 optime:
236 2297 341 2355 credo:
363 2296 413 2353 sed
437 2297 527 2355 nimia
550 2306 676 2358 vetustas
698 2320 754 2359 nec
778 2299 866 2356 habet

80 2396 156 2450 eam,
170 2396 255 2454 quarn
277 2377 440 2452 quaerimus,
463 2377 642 2450 suavitatem,
665 2400 720 2438 nec
743 2377 866 2453 estjam

79 2477 152 2516 saue
166 2457 353 2539 tolerabilis);
376 2476 445 2514 num
460 2456 556 2535 igitur,
570 2459 618 2535 qui
634 2461 688 2517 hoo
710 2458 825 2528 sentiat,
839 2457 866 2516 si
876 2466 917 2511 sss

80 2539 107 2597 ir
120 2549 216 2615 potare
230 2538 306 2607 velit,
322 2539 359 2596 de
379 2537 455 2596 dolio
476 2538 530 2596 sibi
552 2539 742 2598 hauriendum
764 2539 866 2614 putet‘l

81 2618 210 2690 minime,
238 2620 288 2677 sed
316 2618 460 2697 quandam
494 2629 626 2694 sequatur
663 2627 794 2679 aetatem:
823 2619 867 2695 sio
971 2647 974 2664 ι

80 2717 137 2776 ego
160 2698 221 2756 istis
247 2699 408 2758 censuerim
435 2709 465 2756 et
486 2717 588 2757 novam
613 2700 695 2757 istam
723 2699 803 2774 quasi
831 2701 866 2759 de

79 2790 176 2839 musto
200 2798 233 2836 ac
258 2778 323 2836 lacu
351 2779 487 2837 fervidam
514 2780 671 2837 orationem
700 2779 866 2858 fugiendam

80 2878 137 2918 nec
152 2860 229 2918 illam
253 2859 418 2935 praeclaram
443 2858 612 2936 Thucydidi
634 2859 720 2917 nimis
741 2874 865 2920 veterem

76 2951 226 3016 tamquam
239 2939 413 2998 Anicianam
427 2950 523 2999 notam
537 2941 771 3016 persequendam.
800 2941 866 3016 lpse

79 3020 157 3079 enirn
192 3019 389 3096 Thucydides,
417 3021 441 3079 si
468 3019 608 3112 posterius
641 3020 748 3095 suisset,
777 3019 867 3079 multo

76 3101 217 3162 maturior
236 3099 344 3172 ,fuisset
369 3109 399 3160 et
419 3101 522 3162 mitior.
563 3099 737 3164 LXXXIV.
760 3101 914 3162 Demo-2⁸⁹
