1986 3450
211 216 258 267 DE
281 216 407 267 CLARIS
429 218 658 277 ORATORlBUS,
674 219 743 269 Cn.
759 222 798 270 21.
857 221 897 282 28

115 361 205 421 bitum
226 362 417 441 eloquentem,
441 362 619 456 [Mallum]
644 364 719 422 illius
722 364 792 440 ,qui
813 384 897 425 sacra

114 452 185 501 acce
223 444 279 515 rit,·
276 443 400 501 lilium:
422 445 507 503 etiam
529 444 563 503 L.
579 410 745 516 Lentulum,
759 444 807 521 qui
827 465 895 504 cum

111 524 148 582 (l.
199 489 276 615 igulb
297 524 398 583 consul
421 525 489 584 fuit·
509 525 550 587 Q
574 525 762 597 Nobiliorem,
785 525 826 583 M.
849 525 894 599 F.,

79 603 177 680 'jam
184 605 276 680 patrio
290 604 419 662 instituto
433 606 560 663 deditum
575 607 670 664 studio
680 571 826 664 literairum
830 571 894 681 ,qui

109 683 199 742 etiam
212 684 252 746 Q.
256 678 381 742 Ennium
385 687 455 761 ,qui
469 690 535 744 curn
554 699 634 763 patre
656 686 717 778 ejus
741 686 770 744 iu
786 685 895 745 AEtclia

112 763 294 835 militaverat,
309 765 422 823 civitate
447 766 573 837 donavit,
588 786 653 824 cum
674 766 803 824 triumvir
819 766 895 824 colo·

111 845 190 902 uiam
205 810 388 904 deduiisset:
408 846 488 904 etT.
504 810 634 905 Aurlium
655 846 793 920 Luscum,
809 846 893 923 hujus

105 924 153 986 Q
165 923 257 983 Fulvii
272 925 420 1005 collegam,
432 947 489 985 nou
504 927 672 985 indisertum
683 914 784 986 dicunt
795 928 890 986 fuisse.

112 1004 209 1096 Atque
220 1005 304 1063 etiam
316 1006 350 1064 L.
351 1007 486 1078 Paullus,
496 1008 628 1067 Africani
640 1018 729 1084 pater,
740 1027 891 1085 personam
902 1021 928 1062 ss

108 1085 246 1162 principis
260 1085 330 1144 civis
354 1087 438 1149 facile
463 1053 587 1147 dicendo
611 1089 761 1157 tuebatur3
782 1100 891 1148 atvero

105 1165 196 1223 etiam
220 1176 285 1224 tum
307 1167 514 1240 Camerino,
529 1169 577 1245 qui
600 1188 690 1226 annos
715 1166 840 1246 quinque
861 1179 891 1226 et

105 1245 255 1323 octoginta
276 1257 365 1305 uatus
383 1249 506 1307 excessit
519 1268 536 1306 e
550 1249 617 1320 nita,
632 1268 698 1306 cum
720 1249 835 1324 quidem
855 1267 890 1307 eo

106 1325 169 1403 ipso
183 1345 259 1385 anno
273 1338 373 1386 contra
388 1329 449 1386 Ser.
464 1328 587 1387 Galbam
605 1330 642 1386 ad
656 1328 801 1418 populum
816 1347 891 1386 sum·

108 1425 155 1464 ma
168 1408 352 1466 contentique
373 1409 491 1466 dixisset
494 1426 631 1486 ‚quam
625 1408 712 1465 etiam
731 1408 890 1466 orationem

108 1487 241 1563 scriptam
266 1479 389 1562 reliquit.
431 1455 518 1551 XXl.
540 1488 599 1545 Sed
622 1487 686 1544 vivo
707 1486 818 1545 Catone
840 1488 891 1545 mi·
900 1502 924 1542 ει

98 1584 189 1624 nores
203 1576 273 1624 natu
286 1568 367 1624 multi
379 1586 435 1625 uno
448 1580 575 1644 tempore
585 1568 712 1626 oratores
722 1567 888 1626 floruerunt.

103 1645 136 1704 N
140 1665 186 1703 am
200 1656 229 1703 et
244 1648 280 1704 A
297 1647 453 1715 Albinuss
447 1667 471 1705 is
474 1667 544 1725 ,qur
536 1642 660 1709 Graece
674 1648 787 1725 scripsit
802 1647 888 1707 histo·

100 1727 187 1797 riam,
201 1727 250 1802 qui
264 1727 363 1784 consul
378 1744 444 1785 cum
457 1727 491 1785 L
504 1728 626 1787 Lucullo
639 1728 701 1799 fuit,
715 1739 745 1786 et
758 1729 887 1787 literatus

97 1816 133 1865 et
147 1805 269 1865 disertus
279 1807 354 1864 suit.
374 1819 404 1866 et
417 1793 509 1867 tenuit
533 1828 599 1866 cum
621 1810 677 1867 hoc
689 1774 784 1888 locum
799 1829 887 1885 quen·

97 1886 270 1946 demetiam
286 1886 347 1945 Ser.
363 1887 481 1946 Fulvius
503 1899 610 1949 etune
631 1890 691 1949 Ser.
709 1875 818 1948 Fabius
838 1890 885 1949 Pi·

102 1976 165 2026 ator
191 1977 221 2025 et
244 1967 316 2044 J'uris
343 1979 371 2026 et
395 1969 541 2028 literarum
563 1980 592 2029 et
614 1970 790 2046 antiquitatis
811 1970 887 2029 bene

101 2047 218 2123 peritius.
258 2048 443 2125 Quintusque
458 2049 567 2108 Fabius
588 2050 686 2109 L'abeo
701 2050 753 2107 luit
766 2045 886 2110 ornatus

103 2127 204 2185 iisdem
220 2127 278 2186 lere
292 2129 434 2187 laudibus.
476 2129 553 2188 Nam
569 2130 610 2192 Q
626 2129 792 2202 Metelluss
785 2151 819 2202 rs,
835 2151 885 2189 cu·

95 2205 146 2283 jus
158 2219 278 2283 quatuor
292 2209 343 2268 lilii
357 2210 522 2268 consulares
546 2210 691 2281 luerunt,¹
684 2230 714 2268 ιιι
728 2211 827 2287 primis
840 2223 884 2270 eet

102 2287 216 2346 habitus
225 2290 372 2365 eloquens,
383 2290 432 2365 qui
442 2309 493 2367 pro
504 2289 529 2348 L
539 2290 633 2349 Cotta
643 2255 714 2351 dixit
726 2301 883 2350 accusante

101 2366 258 2441 African03
280 2369 363 2447 cujus
375 2381 405 2428 et
420 2371 482 2430 aliae
503 2381 570 2428 suut
582 2371 725 2430 orationes
738 2381 768 2429 et
781 2380 883 2430 contra

99 2445 150 2505 Ti.
164 2413 333 2508 Gracchum
344 2450 474 2527 exposita
487 2461 541 2508 est
536 2450 581 2508 in
602 2451 636 2509 G.
651 2451 757 2511 Fannii
773 2448 883 2508 anuali·

99 2527 163 2585 bus.
204 2527 304 2588 Tum
297 2550 356 2608 ipse
375 2530 409 2588 L.
424 2531 511 2589 Cotta
531 2542 669 2609 veteratur
691 2531 816 2601 habitus,
830 2529 918 2588 sedsa

95 2607 134 2666 G.
149 2606 255 2667 Laelius
268 2611 342 2671 etP.
357 2611 536 2670 Africanus'
530 2631 559 2668 ιιι
579 2612 678 2691 primis
698 2575 879 2701 eloquerltes:

92 2706 218 2763 quorum
240 2701 352 2750 exstant
372 2693 525 2763 orationes,
544 2710 580 2750 ex
600 2693 703 2770 quibus
724 2690 881 2752 existimari

95 2767 172 2825 de
164 2769 288 2845 ingeniis
313 2783 455 2831 oratorum
483 2782 605 2849 potest.
641 2772 699 2829 Sed
727 2770 808 2845 inter,
817 2773 880 2834 llos

94 2858 182 2908 aetate
197 2850 324 2925 paullum
338 2853 381 2910 his
406 2853 581 2911 antecedens
602 2852 665 2910 aine
687 2853 881 2911 controversia

94 2929 160 2989 Ser.
183 2930 280 2991 Galba
305 2931 447 3008 eleqeutia
468 2933 617 3010 praestititr
638 2941 667 2989 et
692 2931 826 2993 nimirum
854 2933 879 2990 is

93 3009 231 3089 princeps
241 3032 278 3070 ex
292 3012 402 3074 Latinis
415 3014 465 3073 illa
475 3024 626 3074 oratorum
630 3013 742 3090 propria
755 3025 784 3073 et
796 3011 878 3090 quasi

90 3089 226 3170 legitima
245 3113 334 3174 opera
354 3094 497 3164 tractavit,
517 3105 550 3154 ut
569 3093 755 3174 egrederetur
778 3113 798 3152 a
816 3110 878 3168 uru-
