1986 3450
203 196 250 251 DE
272 195 399 246 cuatus
424 194 654 255 ORATORIBUS,
671 196 739 246 Can.
756 199 796 247 81.
856 199 896 259 35

104 340 276 419 judicaverit
290 351 390 401 contra
420 341 452 399 P.
468 340 612 412 Africani,
627 341 762 401 avunculi
785 342 840 411 sui,
855 353 895 401 te·

107 421 271 480 stimonium
282 422 460 480 vacationem
470 421 772 499 augures,·quominus
778 422 895 499 judiciis

105 521 222 579 operam
238 502 350 573 darent,
366 522 424 560 nou
440 503 565 561 habere:
585 503 638 566 ‘sed
660 513 691 560 ut
705 502 763 559 vita
776 503 818 561 sic
831 523 894 562 ora·

105 582 184 640 tione
197 583 296 653 durus,
312 582 447 655 incultus,
462 583 610 641 horridus:
629 583 724 660 itaque
739 583 893 645 honoribus

105 661 245 738 majorum
273 663 445 754 aespondere
471 682 529 721 uon
557 663 656 755 potuit.
700 662 768 720 Fuit
797 672 892 734 autem

105 754 242 807 constans
258 743 330 801 civis
344 753 372 800 et
387 743 465 802 sortis
479 753 508 801 et
522 743 551 801 in
572 742 670 833 primis
684 730 820 802 Graccho
834 763 893 803 mo,-

104 821 204 896 lestus,
216 823 290 914 quod
305 820 415 883 indicat
428 823 577 883 Gracchi
570 843 600 880 ιιι
614 843 680 882 eum
694 824 803 883 oratio:
825 833 892 886 sunt

103 903 193 960 etiam
216 904 245 961 in
266 904 429 975 Gracchum
447 890 629 971 Tuberonis.
670 903 702 963 Is
728 904 781 963 fuit
802 905 892 963 medi·

102 982 181 1043 ocris
208 982 237 1041 in
270 984 404 1056 dicendo,
431 980 654 1043 doctissimus
647 1005 676 1042 ιιι
708 984 890 1078 disputando.

103 1062 184 1122 Tum
198 1063 312 1136 Brutus,
326 1064 425 1128 Quam
440 1065 496 1123 hoc
510 1064 616 1123 idem
609 1084 639 1122 ιιι
662 1065 765 1123 nostris
780 1067 890 1125 contin-
901 1080 940 1120 rra

103 1163 172 1222 gere
192 1144 329 1222 intelligo,
350 1145 426 1221 quod
448 1146 477 1203 in
499 1144 629 1204 Graecis!
652 1155 683 1210 ut
707 1165 807 1204 omnes
830 1146 889 1207 sere

104 1224 196 1283 Stoici
209 1225 445 1316 prudentissimi
439 1244 468 1284 ιιι
482 1225 649 1284 disserendo
662 1225 729 1296 sint,
743 1237 772 1283 et
786 1226 814 1283 id
829 1237 888 1286 arto
981 1287 989 1306 ,

103 1305 212 1363 saciant
213 1306 350 1383 ,sintque
365 1305 515 1363 architecti
530 1324 612 1381 paene
626 1305 787 1376 verborum,
801 1304 889 1387 iidem

102 1351 227 1444 traducti
242 1405 259 1442 a
272 1386 444 1476 disputando
460 1386 495 1443 ad
519 1385 704 1442 dicendum
698 1403 797 1462 inopes
811 1404 901 1462 repe-

102 1465 220 1543 riantur.
262 1464 361 1523 Unum
374 1465 488 1554 excipio
512 1463 693 1535 Catonem,
686 1483 716 1521 ιιι
730 1484 786 1541 quo
799 1465 889 1541 perse-

102 1545 231 1604 ctissimo
247 1546 346 1603 Stoico
359 1550 500 1603 summam
509 1544 702 1620 eloquentiam
711 1564 770 1603 uon
779 1545 890 1603 deside·

100 1644 173 1696 rem,
198 1644 283 1700 quam
306 1623 446 1701 exiguam
465 1625 494 1683 in
518 1624 643 1696 Fannio,
661 1645 698 1683 ne
722 1624 751 1683 iu
776 1625 890 1687 Rutilio

99 1705 219 1781 quidem
247 1723 392 1781 magnam,
420 1704 450 1762 in
486 1703 642 1763 Tuberone
669 1705 777 1763 nullam
805 1706 888 1766 video

99 1782 199 1844 fuisse.
241 1785 280 1844 Et
293 1803 357 1862 ego,
372 1783 466 1842 Non
442 1805 584 1862 ,rnquam,
599 1786 733 1858 Brute,
711 1806 774 1844 sine
788 1806 887 1861 causa,
898 1801 936 1846 tta

99 1876 250 1957 propterea
263 1866 360 1942 quod
353 1877 470 1924 istorum
485 1866 514 1924 in
529 1866 689 1928 dialecticis
709 1866 802 1925 omnis
816 1886 904 1928 cura

100 1947 295 2016 consumitur3
317 1966 420 2023 vagum
445 1941 515 2006 illud
540 1947 677 2010 orationis
700 1958 729 2004 et
748 1947 842 2006 lusum
857 1959 886 2007 et

100 2027 248 2103 multiplex
272 2046 331 2084 non
359 2027 509 2085 adhibetur
535 2047 636 2118 genus.
650 2027 763 2086 Tuus
788 2040 885 2087 autem

100 2108 269 2178 avunculus,
284 2107 524 2184 quemadmodum
549 2107 616 2181 scie,
631 2108 718 2166 habet
739 2127 756 2166 a
780 2109 886 2173 Stoicis

100 2187 140 2256 id,
154 2188 228 2275 quod
244 2188 279 2245 ab
294 2187 350 2245 illie
363 2188 518 2279 petendum
544 2187 614 2246 suit:
636 2188 687 2245 sed
701 2187 798 2246 dicere
813 2189 885 2247 didi-

99 2266 140 2330 cit
154 2268 300 2326 edicendi
314 2266 467 2360 magistris,
481 2286 636 2343 eorumque
661 2287 737 2327 more
761 2288 792 2326 se
806 2288 886 2327 exer·

99 2347 171 2406 cuit.
212 2348 338 2410 Quod·
316 2368 340 2406 sr
364 2348 461 2406 omnia
486 2367 501 2404 a
520 2348 695 2426 philosophrs
718 2358 814 2407 essent
837 2367 885 2425 pe·

97 2429 196 2500 tenda,
210 2428 464 2520 Peripateticorum
489 2427 624 2486 institutis
642 2429 820 2489 commodius
833 2427 884 2486 lin·

97 2519 214 2600 geretur
254 2509 355 2568 oratio.
416 2508 487 2570 Quo
523 2509 615 2586 magis
656 2522 747 2581 tuum,
785 2507 883 2583 Brute,
896 2525 933 2566 rao

93 2588 240 2679 judicium
263 2590 360 2665 probo,
389 2589 437 2665 qui
465 2608 573 2661 eorum,
600 2589 630 2647 id
657 2601 700 2648 est
727 2607 763 2663 ex
788 2598 883 2650 vetere

78 2667 271 2740 ,Academia
298 2670 527 2746 philosophorum
559 2680 666 2729 sectam
694 2676 809 2726 secutus
841 2690 883 2744 es,

95 2767 218 2840 quornm
238 2748 267 2805 in
290 2749 420 2808 doctrina
444 2759 527 2824 atque
534 2750 699 2841 'praeceptis
724 2748 883 2811 disserendi

96 2830 171 2888 ratio
186 2827 366 2921 conjungitur
381 2849 448 2887 oum
462 2830 600 2890 suavitate
615 2828 732 2888 dicendi
746 2840 790 2888 et
785 2833 881 2909 copia:

94 2928 269 2988 quamquam
288 2928 324 2967 ea
343 2911 403 2986 ipsa
423 2910 679 3002 Peripateticorum
692 2910 883 2971 Academico·

95 3010 218 3067 rumque
233 2990 430 3049 consuetudo
423 3011 454 3049 ιιι
475 2991 585 3051 ratione
611 2990 728 3049 dicendi
749 2992 814 3050 talis
827 3000 880 3061 est,

96 3082 129 3131 ut
153 3091 209 3132 nec
231 3070 370 3149 perficere
393 3083 538 3157 oratorem·
556 3071 644 3150 possit
665 3070 727 3151 ipsa
741 3091 796 3159 per
817 3082 880 3135 sese
