1986 3450
166 215 213 264 DE
229 215 355 265 curlus
374 215 694 274 0RATOR13Us0u.
712 208 750 264 97.
792 217 850 276 107

63 359 163 434 possis.
206 360 397 433 Tuumenim
413 362 516 434 sorum,
530 371 612 420 tuum
626 373 688 419 erat
701 361 771 420 illud
786 380 848 419 cur·

61 438 185 499 riculum
196 463 202 500 :
214 451 255 509 ‚t'u
271 442 340 500 illuc
354 462 473 500 veneras
488 462 571 514 unus,
582 442 632 518 qui
647 462 701 500 non
718 443 844 520 linguam

62 522 148 580 modo
160 522 286 581 acuisses
298 524 502 580 exercitatione
514 523 640 593 dicendi,
653 524 702 581 sed
714 533 742 579 et
758 524 847 598 ipsam

61 601 253 677 eloquentiam
270 604 500 680 locupletavisses
514 600 675 681 graviorum
689 603 789 660 artium
806 603 847 659 in·

61 694 231 755 strumento,
246 684 390 742 etiisdem
407 685 514 742 artibus
534 685 624 742 decus
638 703 722 741 omne
737 683 847 741 virtutis

62 781 130 821 cum
144 783 257 822 summa
271 763 440 839 eloquentie
462 765 547 822 laude
566 764 717 840 junxisses.
760 763 804 821 Ex
818 774 895 821 tetta

61 843 169 920 duplex
183 864 235 913 nos
251 844 339 902 afficit
357 844 529 916 sollicitudo,
541 844 616 922 quod
638 855 666 901 et
681 845 739 921 ipse
753 859 783 901 re
798 863 847 920 pu·

62 923 138 981 blica
154 943 253 983 careas
275 938 304 982 et
328 925 377 983 illa
401 937 437 983 te.
479 922 528 983 Tu
543 937 649 996 tamen,
664 925 717 982 etsi
731 942 846 984 cursum

62 1004 172 1082 ingenii
187 1007 239 1076 tui,
256 1006 352 1077 Brute,
366 1005 470 1083 premit
485 1007 548 1065 haec
573 1007 732 1082 importuna
748 1005 847 1063 clades

62 1084 196 1157 civitatis,
211 1087 327 1144 contine
339 1099 369 1143 te
385 1087 413 1143 in
429 1087 485 1144 tuis
502 1086 677 1163 perennibus
691 1085 803 1156 studiis,
818 1095 847 1144 et

62 1165 145 1223 effice
160 1166 187 1223 id
191 1167 289 1243 ,quod
300 1167 358 1257 jam
373 1167 576 1256 propemodum
591 1164 635 1222 vel
654 1165 738 1241 plane
752 1167 846 1241 potius

61 1245 210 1335 effeceras,
224 1259 257 1306 ut
270 1258 298 1305 te
313 1247 417 1323 eripias
431 1267 466 1304 ex
480 1266 525 1319 ea,
539 1265 624 1323 quam
642 1264 699 1322 ego
714 1245 846 1322 congessi

62 1325 93 1383 in
121 1327 199 1386 hunc
226 1346 397 1397 sermonem,
425 1327 509 1385 turba
533 1334 726 1417 patronorum.
781 1324 846 1383 Nec

61 1405 140 1484 epiro
163 1408 250 1465 decet
270 1418 299 1464 te
321 1419 452 1465 ornatum
466 1398 629 1466 uberrimis
641 1406 758 1497 artibus,
775 1425 846 1482 quas

62 1506 129 1544 cum
142 1487 240 1549 domo
259 1489 374 1546 haurire
401 1507 459 1545 non
486 1507 592 1564 posses,
616 1485 786 1544 arcessivisti
810 1504 846 1543 ex

63 1567 134 1625 urbe
148 1567 193 1640 ea,
200 1585 270 1659 quae
285 1568 387 1626 domus
401 1582 444 1626 est
458 1588 568 1645 semper
588 1567 684 1625 habita
698 1566 845 1638 doctrine,

61 1648 209 1706 numerari
229 1648 259 1706 in
287 1650 371 1726 vulgo
393 1660 585 1725 patronorum.
627 1647 703 1704 Nam
727 1647 794 1723 quid
808 1657 845 1704 te

61 1728 192 1791 exercuit
219 1728 398 1802 Pammenes,
425 1730 466 1787 vir
487 1730 571 1806 longe
598 1727 846 1818 eloquentissimus

61 1808 206 1867 Graeciael
227 1810 295 1885 quid
323 1810 370 1867 illa
392 1822 473 1868 vetus
497 1808 658 1866 Academia
680 1819 764 1884 etque
785 1807 846 1884 ejus

62 1890 146 1946 heres
161 1890 285 1962 Aristus,
301 1891 404 1967 hospes
418 1902 447 1948 et
471 1890 619 1948 familiaris
641 1907 731 1961 meus,
746 1889 770 1946 si
784 1888 846 1966 qui·

61 1970 128 2026 dem
151 1969 257 2028 similes
282 1971 396 2047 majoris
417 1971 504 2048 partis
526 1981 668 2029 oratorum
692 1969 779 2029 futuri
800 1989 847 2028 su·

61 2051 146 2108 musl
186 2049 293 2108 Nonne
307 2052 453 2111 cernimus
466 2051 512 2110 vix
526 2050 647 2126 singulis
661 2051 792 2113 aetatibus
806 2049 847 2107 bi·
856 2057 895 2099 ³³³

62 2150 114 2188 nos
128 2143 254 2189 oratores
275 2130 434 2190 laudabiles
456 2131 635 2190 constitisset
676 2131 769 2188 Galba
793 2130 846 2189 luit

62 2210 136 2268 inter
161 2222 202 2269 tot
224 2212 347 2287 equales
372 2232 447 2271 unus
471 2212 624 2282 excellens,
639 2211 698 2280 cui,
711 2211 846 2288 quemad·

61 2290 178 2349 modum
191 2293 366 2368 accepimus,
378 2305 407 2350 et
421 2293 494 2350 Cato
509 2292 630 2349 cedebat
641 2292 734 2350 senior
745 2302 783 2361 et,
797 2290 845 2365 qui

61 2373 238 2448 temporibus
249 2373 319 2430 illis
315 2384 398 2432 aetate
413 2373 560 2431 inferiores
569 2372 698 2432 luerunt:
719 2371 845 2462 Lepidus

60 2465 169 2528 postea,
184 2453 288 2511 deinde
302 2454 411 2511 Carbo:
435 2472 499 2511 nam
514 2453 663 2511 Gracchi
657 2472 685 2510 rn
701 2450 845 2508 concioni-

61 2532 115 2591 bus
130 2533 219 2592 multo
235 2525 361 2592 faciliore
385 2544 414 2592 et
436 2534 565 2591 liberiore
589 2540 694 2611 genere
719 2530 845 2605 dicendi,

58 2632 181 2689 quorum
191 2626 286 2672 tamen
297 2614 422 2690 ipsorum
436 2615 470 2672 ad
482 2625 594 2673 aetatem
604 2614 666 2671 laus
676 2611 844 2686 eloquentie

58 2692 189 2770 perfecta
212 2693 338 2752 nondum
354 2694 436 2754 suit:
458 2694 612 2764 Antonius,
636 2693 768 2763 Crassus,
782 2703 845 2769 post

59 2776 157 2846 Cotta,
172 2773 330 2851 Sulpicius,
345 2775 527 2847 Hortensius,
542 2775 613 2832 nihil
628 2773 693 2831 dico
707 2772 843 2849 amplius:

58 2865 171 2914 tantum
188 2855 264 2927 dico,
279 2855 303 2911 si
318 2855 387 2912 mihi
402 2856 565 2926 accidisset,
580 2865 612 2913 ut
635 2872 799 2912 numerarer
814 2854 843 2912 in

59 2936 158 2995 multis
172 2936 240 3006 W,
256 2935 280 2992 si
294 2954 413 3010 operosa
427 2948 471 2995 est
489 2934 671 2995 concursatio
692 2935 783 3013 magis
795 2954 844 3012 op·

59 3027 257 3093 portuuorum,
268 3015 324 3051 *⁴*
