1986 3450
144 214 184 272 68
242 211 289 260 DE
311 211 436 262 CLARIS
458 208 687 268 ORATORIBUS,
703 209 772 258 Cas.
789 211 827 259 62.

144 369 173 416 et
185 358 293 435 publici
306 368 335 416 et
346 358 447 436 privati
460 375 529 415 saue
542 356 681 448 peritum3
701 356 741 415 M.
756 354 925 446 Lucullum,

144 439 186 498 M.
209 438 373 513 Octavium,
396 441 451 498 Cn.
471 436 505 494 F
510 438 587 513 ,qui
614 447 726 500 tantum
752 435 925 495 auctoritate

144 520 322 610 dicendoque
348 488 445 590 vlrluit,
473 529 504 576 ut
530 518 622 594 legem
646 518 845 595 Semproniam
867 516 925 575 fru-

144 600 311 658 mentariam
327 599 421 676 populi
436 565 589 674 lrequentis
609 599 751 675 suffragiis
772 598 925 677 abrogave-

143 680 189 752 rit,
204 681 259 738 Cn.
281 680 445 750 Octavium,
461 679 501 736 M.
525 677 557 736 F.
562 678 625 750 ,.M
641 679 780 737 Catonern
801 689 923 768 patrem,

146 761 186 824 Q.
202 762 287 819 etiarn
302 759 436 819 Catulum
451 759 540 818 filium
556 724 732 817 abducamus
745 778 781 816 ex
799 759 863 816 acie
880 755 924 848 [id

144 852 187 899 est
201 861 218 897 a
234 840 376 930 J'udiciis],
390 851 418 898 et
443 840 472 899 in
495 840 634 916 presidiis
653 840 695 898 rei
719 839 853 916 publicae,
876 836 925 896 cui

94 921 228 981 aesaoile
256 921 421 978 satisfacere
448 921 565 996 possint,
590 920 770 987 collocemus.
812 919 924 977 Eodem

143 999 185 1062 Q·
198 1000 361 1076 Caepionem
376 1001 519 1073 referrem,
528 1001 584 1058 nisi
595 1001 680 1058 nimis
693 994 816 1075 equestri
830 998 925 1057 ordini

144 1081 257 1139 deditus
285 1100 301 1138 a
328 1091 428 1139 senatu
456 1081 628 1141 dissedisset.
671 1082 725 1140 Cn.
749 1080 925 1171 Carbonem,

144 1160 187 1219 M
202 1160 326 1218 Marium
341 1174 370 1220 et
385 1181 420 1219 ex
433 1162 533 1220 eodem
549 1181 654 1239 genere
669 1162 827 1237 complures
842 1159 926 1217 mini·

143 1259 190 1300 me
199 1242 300 1319 dignos
311 1242 450 1318 elegantis
464 1252 621 1300 conventus
636 1242 751 1300 auribus
765 1240 926 1332 aptissimos

144 1323 266 1414 cognovi
288 1323 458 1381 turbulentis
479 1323 675 1382 coucicnibns
710 1320 801 1383 Quo
795 1341 825 1385 ιιι
838 1338 926 1401 geue-

143 1399 186 1473 r'e,
201 1414 232 1460 ut
246 1403 274 1460 in
291 1403 336 1460 his
354 1403 516 1493 perturbem
531 1412 647 1461 aetatum
670 1402 810 1473 ordinem,
833 1419 926 1478 nuper

145 1484 178 1544 L
193 1483 351 1546 Quinctius
365 1483 436 1554 suit3
458 1483 548 1559 aptior
567 1485 653 1542 etiam
676 1482 830 1541 Palicanus
853 1481 927 1539 auri·

95 1565 198 1622 serbus
225 1564 426 1640 imperitorum.
468 1563 506 1620 Et
532 1565 664 1639 quoniam
692 1563 777 1640 hujus
810 1561 926 1639 generis

145 1644 223 1702 sacta
256 1644 363 1701 mentio
393 1653 449 1717 est,
477 1644 674 1703 seditiosorum
708 1643 836 1700 omnium
864 1650 927 1718 pust

145 1723 295 1781 Gracchos
309 1722 342 1782 L.
358 1723 517 1799 Appuleius
538 1724 710 1783 Saturninus
730 1721 927 1798 eloquentissi-

146 1821 209 1861 mus
223 1803 299 1860 visus
313 1813 369 1874 est;
386 1804 477 1880 magis
490 1805 586 1880 specie
599 1816 696 1862 tamen
707 1813 736 1861 et
747 1815 825 1861 motu
842 1812 926 1878 atque

146 1883 207 1960 ipso
221 1883 327 1940 amictu
342 1883 473 1958 capiebat
487 1884 616 1942 homines
628 1903 714 1960 quam
736 1894 785 1941 aut
808 1880 928 1941 dicendi

146 1962 228 2039 copia
243 1973 291 2019 aut
304 1961 500 2021 mediocritate
514 1965 682 2039 prudentiae.
714 1963 814 2041 Longe
829 1973 927 2021 autem

145 2052 208 2120 post
231 2053 313 2100 natos
335 2042 465 2101 homiues
489 2042 713 2120 improbissimus
737 2043 771 2102 G.
787 2042 928 2101 Servilius

145 2122 331 2189 Glauciased
346 2135 498 2200 peracutus
512 2134 541 2182 et
555 2126 676 2183 callidus
690 2144 756 2184 cum
770 2123 927 2200 primisque

145 2202 292 2262 ridiculus.
322 2202 351 2261 Is
365 2223 402 2262 ex
415 2204 533 2263 summis
546 2215 575 2263 et
586 2206 704 2273 fortunas
716 2218 747 2264 et
760 2204 824 2262 vitae
838 2202 928 2262 sordi·

146 2283 200 2343 bus
214 2284 243 2342 iu
257 2294 379 2360 praetura
398 2286 497 2343 consul
522 2287 615 2344 sactus
638 2296 722 2358 esset,
737 2285 761 2343 si
785 2284 928 2343 rationem

146 2365 208 2442 ejus
222 2365 319 2422 haberi
333 2364 420 2423 licere
437 2365 596 2442 judicatum
611 2377 702 2425 esset:
724 2384 792 2424 uam
815 2375 845 2422 et
868 2364 928 2442 ple·

146 2445 211 2505 bem
238 2445 363 2517 tenebat,
391 2455 420 2504 et
442 2458 601 2521 equestrem
626 2447 757 2505 ordinem
786 2445 929 2504 beneficio

146 2525 219 2603 legis
233 2491 408 2585 devinxelat.
450 2525 480 2584 Is
493 2537 594 2603 praetor
613 2529 713 2585 eodem
729 2527 785 2599 die,
804 2545 861 2602 quc
874 2525 929 2583 Sa·

146 2606 280 2665 turuinus
294 2605 425 2664 tribunus
437 2606 538 2684 plebis,
554 2607 649 2666 Mario
662 2616 692 2665 et
705 2606 812 2666 Flacco
826 2625 932 2664 consu·

146 2683 222 2743 libus
248 2687 362 2763 publice
384 2698 427 2744 est
453 2687 636 2759 interfectus;
659 2689 743 2746 bomo
765 2685 929 2746 simillimus

146 2765 334 2825 Atheniensis
349 2767 515 2843 Hyperboli,
530 2768 612 2844 qu'us
631 2768 838 2844 improbitatem
854 2775 930 2825 rete·

96 2862 136 2904 aaa
146 2863 193 2903 res
206 2847 367 2906 Atticorum
383 2848 528 2905 comcediae
542 2859 719 2907 notaverunt.
760 2847 845 2910 Quos
859 2846 929 2906 Sex.

145 2923 244 2985 Titius
271 2938 443 2987 consecutus
471 2928 556 2985 homo
579 2928 684 3005 loquax
707 2947 776 2986 sane
803 2938 832 2986 et
859 2926 930 2987 satis

145 3017 248 3067 acutus
272 3007 322 3064 sed
343 3018 400 3066 tam
425 3008 532 3066 solutus
556 3019 585 3066 et
609 3010 701 3069 mollis
723 3009 754 3066 in
777 3018 873 3087 gestu,
897 3019 930 3066 ut

144 3087 257 3148 saltatio
270 3088 400 3163 quaedam
414 3099 590 3163 nasceretur,
604 3090 652 3161 cui
666 3089 808 3149 saltationi
828 3088 930 3150 Titius
