1986 3450
128 248 148 306 Β
235 247 282 295 DE
304 244 429 294 CLARIS
451 244 680 303 ORATORIBUS,
696 245 765 292 Che.
782 248 806 293 7.

127 391 301 469 propositum
315 391 397 448 nobis
407 400 450 448 est
464 390 518 447 hoe
528 390 592 448 loco
602 408 695 466 neque
703 389 906 449 necessarium.

127 471 193 530 Hoc
215 492 282 530 vero
307 471 369 529 sine
394 465 451 528 ulla
475 470 907 543 dubitationeeonfirmaverim,

127 551 186 610 sive
207 553 255 610 illa
276 563 335 610 arte
352 552 477 628 pariatur
501 551 596 625 aliqua
620 550 678 621 siis
702 551 908 610 exercitatione

126 632 248 707 quadam
277 633 342 704 sire,
361 644 472 702 natura,
490 650 554 689 rem
579 649 664 688 uuarn
690 651 754 690 esse
778 631 908 690 omnium

57 712 60 716 ’
127 712 333 771 difficillimam.
373 711 490 773 Quibus
512 711 589 769 enim
613 712 792 788 exquinque
821 713 908 770 rebus

127 800 259 851 constare
280 793 394 864 dicitur,
409 809 507 849 earum
521 800 697 867 unaquaque
721 803 765 858 est
785 811 830 850 ars
845 792 908 869 ipsa

126 890 294 950 magnaper
308 891 379 930 sese.
419 873 521 936 Quare
532 872 656 948 quinque
670 871 773 930 artium
788 891 908 930 concur-

126 971 175 1011 sus
189 953 375 1010 maximarum
395 963 530 1029 quantam
550 952 607 1009 vim
627 963 818 1029 quantamque
836 951 908 1010 diffi-

89 1048 115 1088 sc
126 1031 262 1103 cultatem
276 1032 390 1104 habeat,
403 1031 559 1090 existimari
573 1042 672 1108 potest.
713 1031 784 1091 VII.
808 1032 907 1093 Testis

126 1121 169 1171 est
183 1112 306 1183 Gracia,
325 1124 398 1189 quae,
419 1132 486 1172 cum
500 1113 667 1187 eloquentiae
691 1112 787 1170 studio
807 1113 844 1170 sit
864 1112 908 1170 in·

126 1204 215 1252 censu
221 1193 387 1270 jamdiuque
398 1192 519 1250 excellat
530 1192 559 1250 in
570 1211 605 1249 ea
615 1202 784 1269 praestetque
791 1193 906 1262 ceteris,

125 1284 222 1333 tamen
245 1292 345 1332 omnes
373 1283 447 1331 artes
473 1271 639 1331 vetustiores
659 1273 795 1332 habetet
818 1273 908 1332 multo

126 1363 192 1414 ante
219 1373 277 1413 non
299 1355 431 1412 inventas
457 1353 546 1411 solum
573 1352 623 1409 sed
647 1354 733 1411 etiam
754 1353 906 1430 perlectas,

125 1453 210 1511 quam
219 1436 281 1494 haec
290 1446 361 1493 esta
369 1434 480 1493 Graecis
490 1431 635 1492 elaborata
643 1433 761 1494 dicendi
769 1433 811 1491 ris
822 1443 906 1509 atque

125 1515 216 1592 copia.
258 1515 294 1572 In
321 1533 407 1591 quam
434 1533 501 1572 cum
529 1513 650 1585 intueor,
677 1513 801 1573 maxime
834 1513 906 1572 mihi

122 1606 290 1666 occurrunt,
312 1595 421 1666 Attice,
434 1605 463 1653 et
472 1593 557 1670 'quasi
575 1594 674 1652 lucent
694 1594 817 1654 Athenae
831 1604 905 1665 tuae;

124 1693 180 1750 qua
194 1675 223 1733 in
237 1674 307 1732 urbe
317 1674 439 1749 primum
453 1694 483 1732 se
496 1685 589 1731 orator
603 1674 714 1746 extulit,
727 1674 906 1751 primumque

123 1754 211 1812 etiam
221 1754 413 1812 monumentis
427 1765 455 1812 et
469 1753 557 1811 literis
568 1755 709 1813 oratioest
718 1764 814 1831 coepta
827 1774 907 1814 man·

87 1849 113 1890 ar
124 1833 195 1893 dari.
236 1833 349 1890 Tamen
364 1844 430 1890 ante
445 1833 595 1905 Periclem,
610 1835 693 1913 cujus
711 1835 818 1910 scripta
831 1855 907 1910 quae·

124 1914 191 1972 dam
206 1913 343 1984 feruntur,
357 1923 387 1970 et
401 1912 616 1989 Thucydidem,
629 1914 678 1991 qui
692 1933 748 1972 non
761 1916 906 1974 nascenti·

123 1994 177 2052 bus
191 1993 315 2052 Athenis
328 1994 378 2051 sed
396 1992 455 2070 jarn
476 1992 579 2052 adultis
593 1995 716 2070 fuerunt,
727 1994 813 2061 litera
826 1995 906 2054 nulla

123 2084 176 2147 est,
197 2092 259 2150 quae
286 2073 400 2150 quidem
427 2084 559 2133 ornatum
586 2074 707 2151 aliquem
735 2074 849 2147 habeat,
876 2087 907 2135 et

123 2155 243 2215 oratoris
257 2173 320 2212 esse
333 2154 470 2213 videatur.
511 2154 698 2230 Quamquam
710 2155 806 2232 opinio
819 2165 863 2214 est
876 2167 906 2214 et

123 2252 200 2308 eum,
215 2235 263 2313 qui
283 2234 379 2293 multis
393 2235 475 2292 annis
496 2245 562 2293 ante
586 2236 638 2293 hos
658 2235 752 2308 fuerit,
775 2234 906 2294 Pisistra·

123 2326 185 2375 tum
198 2326 228 2374 et
239 2315 335 2393 paullo
349 2314 490 2374 seniorem
503 2315 590 2374 etiam
605 2315 739 2374 Solonem
751 2325 905 2393 posteaque

124 2396 302 2456 Clisthenem
316 2396 436 2453 multum
450 2405 481 2454 ut
504 2396 678 2472 temporibus
701 2396 757 2455 illis
780 2396 905 2455 valuisse

87 2490 113 2531 ns
124 2477 256 2537 dicendo.
298 2475 366 2534 Post
379 2476 455 2534 hanc
468 2486 581 2536 aetatem
596 2476 702 2554 aliquot
716 2475 808 2548 annis,
822 2487 855 2535 ut
869 2496 905 2535 ex

123 2557 230 2616 Atticis
240 2556 433 2616 monumentis
445 2567 538 2634 potest
548 2557 680 2634 perspici,
692 2556 905 2616 Themistocles

123 2635 185 2710 fuit,
200 2656 285 2714 quem
299 2647 411 2695 constat
424 2656 490 2695 cum
504 2638 655 2715 prudentia
673 2648 733 2695 turn
746 2637 833 2696 etiam
847 2636 905 2696 elo-

122 2719 240 2792 quentia
272 2717 453 2796 praestitisse3
485 2725 548 2795 post
573 2718 710 2787 Pericles,
743 2717 802 2794 qui,
836 2735 904 2776 cum

122 2794 236 2855 floreret
261 2799 339 2857 omni
362 2817 468 2876 genere
496 2798 616 2872 virtutis,
645 2799 701 2858 hac
725 2807 821 2856 tamen
848 2796 904 2855 suit

122 2875 207 2934 laude
227 2877 408 2937 clarissimus.
451 2878 588 2938 Cleonem
615 2880 701 2938 etiam
729 2874 904 2955 temporibus

122 2956 178 3028 illis
191 2957 385 3019 turbulentum
399 2958 479 3017 illum
492 2959 607 3038 quidem
621 2959 714 3019 civem
739 2958 789 3018 sed
803 2967 902 3017 tamen

84 3050 111 3093 aa
122 3037 301 3115 eloquentem
315 3049 429 3100 constat
444 3039 540 3100 fuisse.
581 3041 661 3101 Huic
674 3039 751 3102 etati
765 3057 904 3119 suppares
950 3074 953 3083 ι

117 3118 300 3192 Alcibiades,
324 3120 440 3196 Critias,
467 3119 681 3183 Theramenes:
701 3120 805 3198 quibus
830 3130 905 3181 tem·
