1986 3450
148 223 188 282 98
249 222 295 271 DE
320 222 446 272 CLARIS
468 221 696 280 ORATORlBUS,
712 222 782 271 Car.
799 222 839 271 90.

150 366 332 445 Romamque
346 369 478 440 venisset,
492 379 583 426 totum
607 367 636 425 ei
658 367 832 426 mex-tradidi
847 367 939 425 adrui·

149 449 232 507 rabili
246 451 368 525 quodam
385 451 419 507 ad
435 448 640 525 philosophiam
655 448 749 506 studio
763 448 937 520 concitatus,

150 528 180 585 in
202 550 258 605 quo
278 532 333 589 hoc
357 529 453 587 etiam'
466 529 662 588 commorabar
687 529 937 604 attentiuq'quod,

150 611 204 666 etsi
218 631 315 668 rerum
327 611 450 686 ipsarum
464 611 586 667 varietas
600 620 629 673 et
643 609 811 686 magnitudo
823 627 937 666 summa

150 708 196 747 me
223 691 412 750 delectatione
440 691 591 760 retinebat,
614 702 710 748 tamen
738 689 888 747 sublata
877 709 936 767 Jam

150 788 213 828 esse
240 772 269 829 in
297 780 473 852 perpetuum
487 771 559 829 ratio
580 770 753 846 judiciorum
774 770 935 828 videbatur.

100 860 138 900 ³⁰7
149 850 308 908 Occiderat
330 838 476 927 Sulpicius
498 852 546 911 illo
568 869 655 921 anno,
669 861 782 927 tresque
804 850 936 941 proximo

149 931 234 987 trium
250 943 364 989 aetatum
379 944 509 990 oratores
529 942 611 989 orant
635 930 856 989 crudelissime
849 944 935 988 ruter-

149 1010 227 1081 fecti,
260 1011 301 1073 Q.
337 1012 467 1083 Catulus,
503 1011 544 1071 M.
575 1012 729 1081 Antonius,
764 1010 799 1068 C.
827 1011 933 1069 Julius.

149 1089 259 1149 Eodem
274 1110 350 1150 auno
363 1093 449 1151 etiam
465 1092 575 1156 Moloni
600 1091 717 1152 Rhodio
737 1090 935 1150 Romaededi-

148 1189 340 1250 musoperam
354 1183 383 1233 et
405 1174 493 1232 actori
516 1192 627 1232 summo
649 1188 801 1230 causarum
826 1182 858 1230 et
877 1190 935 1235 ma·

148 1251 244 1329 gistro.
286 1254 351 1312 XC.
375 1253 448 1313 Haec
463 1255 516 1312 etsi
531 1254 662 1311 videntur
683 1272 745 1310 esse
760 1272 777 1310 a
790 1252 935 1328 proposita

148 1333 259 1392 ratione
272 1335 392 1405 diversa,
407 1345 504 1392 tamen
519 1335 628 1393 idcirco
643 1353 659 1390 a
680 1352 726 1395 me
740 1333 934 1409 proferuntur,

149 1422 180 1470 ut
193 1418 319 1474 nostrum
334 1435 450 1473 cursum
464 1414 635 1492 perspicere,
649 1414 785 1489 quoniam
810 1412 933 1483 voluisti,

148 1493 246 1566 Brute,
268 1496 359 1573 possis
385 1495 465 1572 (narn
491 1496 590 1553 Attico
618 1496 681 1552 haec
705 1504 773 1552 nota
797 1498 892 1631 suntp1
906 1503 934 1551 st

147 1575 254 1647 videre,
268 1576 507 1652 quemadmodum
521 1576 610 1633 simus
633 1575 663 1632 in
688 1574 779 1651 spatio
801 1573 843 1636 Q.
892 1592 934 1630 or·

97 1665 136 1705 sos
147 1656 270 1712 tensium
294 1657 382 1732 ipsius
405 1656 533 1734 vestigiis
555 1655 707 1733 persecuti.
756 1654 933 1712 Triennium

147 1734 207 1791 sere
221 1735 274 1792 snit
289 1737 356 1793 urbs
370 1736 431 1794 sine
445 1739 541 1808 armis,
556 1737 606 1794 sed
620 1747 767 1794 oratorum
783 1744 833 1792 aut
849 1735 934 1793 iuter·

147 1814 189 1872 itu
204 1826 253 1872 aut
271 1816 401 1874 discessu
430 1827 479 1874 aut
501 1818 569 1895 luga
594 1817 676 1892 (nam
703 1817 823 1872 aberant
844 1815 933 1873 etiam

147 1895 344 1954 adolescentes
358 1895 399 1953 M.
416 1897 537 1955 Crassus
561 1907 590 1954 et
608 1897 723 1955 Lentuli
738 1896 812 1974 duo)
825 1896 934 1972 primas

147 1977 176 2032 in
202 1975 298 2033 causis
317 1976 437 2052 agebat
451 1977 643 2034 Hortensius:
661 1977 752 2054 magis
783 1977 934 2053 magisque

147 2054 273 2132 quotidie
282 2057 453 2143 probabatur
462 2057 622 2117 Antistius
637 2056 787 2132 Pisosaepe
798 2057 930 2126 dicebat

146 2135 242 2193 minus
263 2157 337 2214 saepe
360 2124 542 2214 Pomponius,
566 2156 630 2195 raro
651 2137 755 2209 Carbo,
770 2137 861 2195 semel
885 2147 934 2194 aut

147 2217 248 2275 iterum
277 2217 432 2294 Philippus.
480 2220 521 2278 At
553 2237 620 2275 vero
636 2237 698 2309 ego
723 2219 778 2276 hoc
803 2229 934 2294 tempore

145 2297 224 2356 omni
252 2307 352 2355 noctes
378 2308 407 2356 et
434 2298 552 2356 diesin
579 2299 708 2356 omnium·
735 2298 933 2361 doctrinarum

96 2379 330 2453 ³⁰9meditatione
350 2379 490 2438 versabar.
532 2379 619 2437 Eram
648 2378 714 2435 cum
743 2379 842 2437 Stoico
864 2378 934 2437 Dio·

145 2460 232 2530 dot03
252 2461 381 2536 quicum
396 2460 580 2517 habitavisset
594 2459 669 2535 apud
691 2478 737 2516 me
758 2477 934 2536 mecumque

145 2540 271 2611 vixisset,
295 2560 384 2617 nuper
406 2551 449 2598 est
472 2540 550 2598 domi
574 2559 644 2599 meae
665 2550 811 2597 mortuus:
833 2558 851 2596 a
875 2558 935 2616 qno

146 2637 212 2677 cum
226 2621 256 2677 in
269 2622 332 2679 aliis
345 2622 429 2678 rebus
443 2632 503 2677 tum
516 2620 720 2678 studiosissime
732 2620 761 2677 in
776 2619 934 2681 dialectica

145 2700 309 2773 exercebar,
323 2721 385 2777 quae
400 2701 482 2778 quasi
502 2711 651 2763 contracta
671 2710 699 2757 et
720 2701 858 2758 adstricta
877 2701 935 2759 elo-

145 2780 261 2855 quentia
275 2782 478 2857 putanda'est;
501 2780 562 2838 sine
586 2800 643 2856 qua
667 2780 755 2839 etiam
773 2792 815 2853 tu,
831 2780 933 2850 Brute,

143 2859 307 2937 ju'dicavisti
335 2874 362 2920 to
390 2861 466 2918 illam
488 2861 595 2937 justam
617 2861 819 2936 eloquentiam,
844 2879 932 2952 quam

145 2940 328 2997 dialecticam
343 2943 490 3000 dilatatam
504 2960 567 2998 esse
588 2952 701 3016 putant,
717 2942 854 3019 consequi
874 2961 933 3000 non

144 3041 236 3098 posse
278 3021 358 3081 Huic
379 3043 433 3102 ego
455 3022 566 3081 doctori
582 3032 615 3079 et
637 3021 699 3099 ejus
722 3022 831 3081 artibus
844 3023 935 3082 variis

146 3112 230 3178 atque
244 3101 361 3161 multis
354 3112 394 3161 ita
406 3122 486 3163 eram
506 3112 604 3163 tamen
627 3103 750 3172 deditur,
764 3114 797 3162 ut
821 3103 860 3162 ab
881 3122 936 3163 ox-
