1986 3450
158 225 198 284 72
255 222 302 271 on
324 221 449 272 cnutus
474 219 704 280 ouauonmus
719 221 789 270 cn.
805 221 847 268 aa.

158 368 235 445 quit:
252 386 319 426 nam
333 368 386 427 etsi
399 386 445 426 me
459 347 544 426 saicile
557 368 636 427 omni
649 378 700 427 tuo
714 383 847 425 sermone
860 373 943 424 tenu·

160 448 216 522 isti,
230 459 326 509 tamen
340 449 365 506 is
379 448 449 506 mihi
462 446 573 526 longior
587 449 708 519 videtur,
731 447 805 523 quod
820 463 942 523 propero

160 496 259 588 audire
273 530 309 587 de
322 539 367 599 te;
386 547 441 586 nec
455 543 520 587 vero
534 539 591 587 tam
606 530 643 587 de
656 528 808 587 virtutibus
823 525 940 584 dicendi

159 611 225 683 tuis,
239 631 302 687 quaa
316 627 382 668 cum
393 608 525 668 omnibus
536 620 597 668 turn
609 621 687 668 certe
699 608 769 665 mibi
781 606 940 668 notissime

159 701 235 762 sunt,
248 708 332 766 quam
346 689 420 764 quod
434 690 539 766 gradus
553 701 617 748 tuos
635 701 664 748 et
685 688 766 765 quasi
787 705 941 765 processus

110 772 274 830 medicandi
300 769 400 828 studeo
424 788 607 847 cognoscere.
649 767 814 861 Geretnr‚
807 785 939 843 mquam,

158 852 210 910 tibi
224 870 300 910 mos:
315 850 449 927 quoniam
463 869 509 908 me
523 870 580 909 non
595 850 715 930 ingenii
696 848 938 925 praedicatorem

157 951 220 990 esse
235 932 276 989 vis
289 932 338 989 sed
353 930 457 990 laboris
471 930 535 991 mei.
577 930 706 990 Verum¹
700 940 893 1005 interponam,
907 937 940 987 ιιι

156 1011 260 1089 placet,
276 1012 354 1084 alios,
376 1021 405 1070 et
427 1030 444 1069 a
468 1009 509 1070 M.
531 1011 647 1086 Crasso,
668 1009 717 1086 qui
741 1009 795 1068 suit
820 1007 940 1085 equalis

159 1091 316 1161 Hortensii,
329 1091 466 1151 exordiar.

108 1227 112 1231 ,
197 1171 306 1232 LXVI.
328 1175 356 1232 ls
371 1173 456 1250 igitur
470 1173 651 1232 mediocriter
662 1193 678 1232 a
689 1170 820 1231 doctrina
834 1169 940 1230 instru-

157 1262 221 1312 ctus
236 1254 477 1331 angustiusetiam
488 1273 505 1312 a
518 1266 621 1314 natura
634 1254 729 1313 labore
743 1262 772 1310 et
785 1250 939 1324 industria,

158 1341 187 1390 et
199 1334 274 1410 quod
291 1334 443 1392 adhibebat
460 1335 495 1392 ad
517 1335 685 1393 obtinendas
709 1350 813 1392 causas
838 1349 938 1390 coram

157 1413 244 1472 etiam
258 1425 286 1472 et
299 1414 429 1492 gratiam,
444 1413 473 1471 in
487 1415 665 1492 principibus
684 1412 809 1491 patronis
831 1412 939 1488 aliquot

158 1511 247 1552 annos
270 1494 330 1554 fui-t
373 1493 408 1552 ln
436 1494 520 1571 hujus
546 1496 673 1554 oratione
695 1512 788 1551 sermo
815 1492 939 1552 Latinus

156 1584 227 1646 erat,
242 1576 328 1633 verba
341 1595 398 1633 non
411 1574 531 1650 abjecta,
540 1595 585 1634 res
596 1575 759 1652 compositae
768 1571 938 1663 diligenter;

156 1621 252 1712 nullius
279 1654 330 1713 flos
354 1665 449 1712 tamen
473 1674 565 1731 neque
587 1657 683 1715 lumen
708 1654 818 1726 ullnm;
848 1651 937 1711 animi

158 1752 272 1810 magna,
296 1735 374 1794 vocis
400 1754 486 1811 parra
512 1737 667 1806 contentio,
695 1734 792 1794 omnia
819 1733 882 1792 lere
906 1742 939 1793 ut

157 1812 286 1871 similiter
320 1825 403 1891 atque
437 1834 494 1873 noo
526 1818 610 1875 modo
644 1817 817 1874 dicerentur.
857 1811 938 1872 Nam

157 1892 242 1982 liujus
257 1895 373 1970 aequalis
388 1904 416 1951 et
427 1894 606 1953 inimicusC.
622 1896 749 1955 Fimbria
763 1913 820 1953 non
835 1894 876 1952 ita
887 1894 938 1953 diu

153 1971 263 2048 jactare
276 1994 307 2031 se
320 1974 428 2050 potuit3
451 1975 501 2050 qui
520 1976 617 2033 omnia
631 1989 736 2054 magna
749 1994 820 2033 voce
834 1974 940 2033 diceus

157 2052 305 2111 verborum
319 2073 388 2112 sane
403 2053 540 2113 bonorum
561 2075 647 2117 cursu
671 2057 792 2133 quodam
816 2055 939 2114 incitato

156 2131 197 2190 ita
210 2134 322 2193 furebat
332 2144 438 2207 tamen,
450 2144 482 2194 ut
495 2136 629 2195 mirarere
640 2147 698 2194 tarn
709 2136 779 2196 alias
789 2155 836 2195 res
850 2154 937 2214 ogere

155 2215 301 2290 populum,
323 2228 356 2274 ut
376 2226 450 2274 esset
478 2217 577 2275 insano
604 2218 677 2276 inter
701 2217 821 2276 disertos
844 2216 936 2276 locus

106 2307 145 2348 2³4
156 2294 211 2353 Cn.
227 2304 322 2354 autem
336 2294 477 2355 Lentulus
499 2298 588 2356 multo
609 2299 745 2375 majorem
769 2296 937 2375 opinionem

156 2375 272 2435 dicendi
300 2376 412 2435 actione
439 2377 573 2452 faciebat,
600 2397 685 2454 quam
711 2389 819 2456 quauta
845 2377 876 2436 in
903 2396 938 2436 eo

76 2512 80 2524 ,
156 2456 278 2516 facultas
305 2467 385 2515 erat·
420 2458 468 2533 qui
496 2477 562 2518 cum
589 2469 664 2516 esset
690 2478 745 2517 nec
771 2469 937 2537 peracutus,

155 2556 326 2614 quamquam
340 2548 368 2594 ot
382 2556 418 2595 ex
432 2537 506 2595 facie
520 2550 549 2597 et
562 2557 598 2596 ex
611 2539 689 2597 vultu
704 2539 863 2630 videbatur,
878 2557 937 2598 neo

157 2617 307 2676 abundans
333 2617 435 2689 verbis,
462 2618 516 2676 etsi
543 2617 691 2678 fallebat
684 2638 713 2676 ιιι
738 2638 773 2678 eo
797 2619 868 2696 ipso,
894 2619 938 2678 sic

157 2693 319 2767 intervallis,
333 2663 599 2769 exclamationibus,
612 2717 681 2757 voce
695 2700 816 2759 suamet
829 2717 939 2758 canora

157 2743 349 2837 admirandd*
371 2777 515 2851 irridebat,
530 2778 664 2837 calebat
657 2799 687 2837 ιιι
703 2779 824 2855 agendo,
839 2787 871 2838 ut
891 2797 936 2851 ea,

155 2875 218 2930 quae
233 2856 359 2931 deerant,
372 2877 428 2917 non
442 2823 680 2919 desiderarentur.
717 2859 771 2926 Ita
787 2870 937 2936 tamquam

156 2935 245 3044 Corio
259 2939 341 3015 copia
352 2906 493 2997 ironnulla
507 2940 666 3013 verborum,
684 2941 763 3000 nullo
784 2941 840 2999 alio
860 2941 937 2999 bono

392 3104 475 3153 The
488 3106 559 3180 text
552 3120 573 3153 rs
584 3112 690 3170 corrupt.
