1986 3450
138 219 177 278 70
242 216 290 266 DE
311 216 436 280 CLARIS
458 215 827 274 ORATORIBUS,CA1².64.

138 372 167 421 st
190 362 314 440 Sulpicii
338 382 393 421 nec
415 361 549 438 majorem
576 362 713 438 consequi
739 369 860 438 poterat,
888 367 918 416 et

137 443 382 503 minorinecesse
403 452 464 500 erat
487 444 597 500 cedere.
640 443 736 520 Hujus
761 441 855 500 omnis
877 439 919 497 fa·

138 524 230 583 cultas
255 544 291 582 ex
318 523 435 581 historia
462 523 551 599 ipsius
564 523 829 600 perspicifvpotesn
852 540 916 597 quae

138 621 205 663 cum
219 605 303 663 facile
316 623 415 663 omnes
429 603 526 661 vincat
539 605 708 680 superiores,
723 617 783 662 tum
806 603 917 660 indicat

137 693 242 756 tamen,
257 695 394 760 quantum
410 684 482 740 absit
498 703 644 757 asommo,
659 703 801 761 quamque
822 701 917 760 genus

137 764 194 823 hoc
212 764 372 841 scriptionis
396 765 523 822 nondum
545 765 581 822 sit
603 767 671 822 satis
694 765 804 822 Latinis
826 762 916 822 literis

137 843 315 903 illustratum.
344 842 419 901 Nam
433 843 473 906 Q.
490 844 637 902 Hortensii
653 845 804 920 admodum
822 843 918 901 adole·

136 924 243 982 scentis
262 924 411 1002 ingenium
435 934 467 983 ut
485 924 593 984 Pbidiae
618 925 733 1002 signum
757 925 842 983 simul
868 923 917 980 ad·

87 1015 265 1080 aasspectum
293 1015 322 1061 et
346 1005 496 1081 probatum
530 1015 581 1062 est.
621 1006 651 1063 Is
678 1006 711 1065 L.
741 1005 848 1064 Crasso
873 1002 914 1065 Q.

136 1084 265 1144 Scaevola
278 1085 446 1145 consulibus<
456 1084 578 1161 primum
593 1085 622 1142 iu
637 1085 697 1143 foro
711 1085 783 1142 dixit
796 1097 826 1142 et
840 1083 916 1160 apud

134 1163 186 1223 hos
199 1164 275 1242 ipsos
288 1165 402 1241 quidem
427 1165 568 1236 consules
591 1174 707 1223 etcum
731 1184 842 1236 eorum,
867 1163 917 1240 qui

136 1245 289 1316 affuerunt,
316 1256 377 1305 tum
405 1245 528 1322 ipsorum
551 1245 711 1316 consulum,
739 1245 788 1321 qui
815 1263 917 1304 omnes

134 1325 322 1405 intelligentia
337 1327 492 1396 anteibant,
503 1325 613 1402 judicio
624 1325 755 1384 discessit
769 1327 914 1402 probatus.

134 1405 319 1484 Undeviginti
333 1426 423 1464 annos
437 1406 525 1464 natos
541 1417 602 1463 erat
624 1425 660 1464 eo
684 1416 820 1483 tempore.
864 1405 917 1463 Est

134 1498 229 1546 autern
249 1487 282 1545 L.
305 1487 405 1546 Paullo
427 1487 460 1545 Ο.
487 1486 628 1544 Marcello
652 1487 820 1546 consulibus
844 1505 917 1545 mor·

133 1577 217 1628 tuus:
239 1587 344 1643 exquo
368 1568 497 1625 videmus
513 1586 578 1625 eum
604 1567 633 1624 in
654 1578 838 1643 patronorum
864 1586 918 1624 nu·

134 1666 212 1706 mero
253 1666 342 1705 anuos
379 1657 500 1723 quatuor
533 1658 562 1705 et
594 1647 785 1724 quadraginta
816 1646 914 1706 fuisse.

135 1727 202 1786 Hoc
228 1727 264 1784 de
290 1737 400 1785 oratore
433 1728 529 1802 paullo
555 1739 618 1803 post
649 1727 732 1804 plora
766 1728 915 1788 dicemus:

133 1806 189 1866 lroo
209 1818 305 1865 autem
319 1807 382 1866 loco
401 1808 542 1873 voluimus
562 1818 673 1866 aetatem
695 1808 757 1883 ejus
777 1808 807 1865 in
822 1809 918 1884 dispa-

133 1906 194 1945 rem
220 1897 364 1945 oratorum
392 1897 504 1945 etatem
530 1886 717 1946 includere:*
739 1907 917 1966 quamquam

134 1967 164 2024 id
212 1967 326 2042 quidem
367 1967 500 2025 omnibus
546 1987 600 2026 usu
649 1968 746 2026 venire
794 1988 917 2027 necesse

134 2046 197 2119 suit,
224 2047 328 2124 quibus
350 2047 444 2123 paullo
471 2047 581 2124 longior
598 2047 654 2105 vita
675 2048 805 2124 contigit,
829 2061 861 2109 ut
887 2060 917 2108 et

134 2147 201 2187 cum
216 2127 304 2186 multo
319 2127 472 2204 majoribus
491 2140 571 2199 natu,
592 2146 678 2207 quam
698 2140 794 2187 essent
808 2129 872 2206 ipsi,
887 2140 917 2188 et

134 2227 201 2269 curn
229 2209 373 2284 aliquanto
398 2208 557 2268 minoribus
590 2219 831 2285 compararentur.
876 2208 918 2268 Ut

134 2289 232 2358 Attius
247 2289 346 2348 iisdem
362 2289 492 2349 aedilibus
517 2291 556 2347 ait
580 2309 610 2347 sc
632 2302 660 2346 et
682 2290 842 2349 Pacuvium
866 2291 918 2348 do-

134 2372 229 2431 cnisse
244 2370 379 2440 fabulam,
395 2389 460 2429 cum
476 2370 523 2427 ille
536 2368 694 2446 octoginta,
716 2370 775 2447 ipse
796 2371 918 2448 triginta

84 2462 123 2503 2³⁰
135 2471 223 2511 annos
236 2463 321 2510 natus
334 2460 424 2520 esset;
440 2450 489 2508 sic
506 2450 676 2509 Hortensius
690 2470 747 2508 non
772 2470 840 2511 cum
854 2452 917 2510 suis

134 2532 290 2609 equalibus
304 2531 395 2589 solum
410 2530 460 2589 sed
484 2541 512 2588 et
527 2551 590 2589 mea
612 2550 677 2588 cum
701 2541 784 2590 aetate
802 2542 916 2590 etcum

134 2624 194 2685 tna,
209 2615 307 2683 Brute,
322 2623 351 2669 et
366 2631 431 2669 curn
448 2610 591 2687 aliquanto
605 2611 749 2686 superiore
764 2610 918 2689 conjungi·

135 2704 181 2752 tur
190 2713 198 2763 ;
220 2694 244 2750 si
259 2693 374 2770 quidem
389 2702 418 2748 et
432 2692 538 2750 Crasso
554 2692 617 2749 vivo
631 2692 728 2749 dicere
752 2692 871 2764 solebat,
886 2703 917 2751 et

167 2909 180 2932 '
196 2907 250 2955 Tho
262 2913 316 2959 text
334 2913 354 2959 is
365 2908 490 2970 evidently
510 2914 614 2970 corrupt.
654 2907 788 2956 Voluimus
807 2923 866 2956 eum
886 2908 917 2959 in

136 2973 263 3035 disparem
274 2978 403 3022 oratorum
414 2975 513 3020 aetutem
524 2971 669 3031 includet&
685 2973 738 3035 conj
742 3008 747 3019 .
766 2973 863 3020 Ernesti
869 2988 876 3032 ;
883 2994 917 3011 -ι

135 3036 426 3102 noluimurjuventutem
436 3036 491 3102 ejus
502 3036 531 3085 in
538 3036 665 3099 disparem
673 3041 804 3086 oratorum
814 3040 918 3104 atatem

136 3100 282 3160 includam
298 3101 434 3150 Schneider
443 3101 505 3164 conj.
