1986 3450
28 230 34 241 '
125 239 162 298 16
220 237 267 284 nn
288 235 412 284 curuis
434 235 665 294 nunnoninus,
682 237 750 284 cis.
769 235 806 284 ιι.

123 382 218 460 Appio
244 382 341 453 Caeco,
368 382 481 439 diserto*
500 382 626 454 homine,
653 381 768 440 'comitia
802 390 904 439 contra

122 462 200 539 leges
214 463 347 530 habente,
362 480 428 520 curn
442 462 477 519 de
490 461 572 538 plebe
593 461 739 521 consulem
754 481 812 520 non
827 461 904 518 acci-

121 543 227 619 piebat,
242 555 336 620 patres
350 552 415 599 ante
430 552 561 600 auctores
585 542 645 601 lieri
661 543 804 620 coegerim
825 541 902 617 quod

85 637 111 677 eo
123 622 175 681 luit
188 641 374 700 permagnum
388 623 522 680 nondum·
538 623 602 700 lege
626 621 733 681 Maenia
747 623 812 681 lata.
855 621 903 679 Li·

122 713 169 762 cet
183 702 286 779 aliquid
301 703 387 760 etiarn
398 703 434 760 de
448 701 490 760 M
501 703 613 779 Popillii
628 703 743 780 ingenio
753 702 901 779 suspicari,

121 783 180 861 qui,
194 802 259 840 cum
276 783 429 840 consul
400 793 473 840 esset
476 784 653 859 ,eodemque
673 793 814 860 tempore
814 783 903 840 sacri·

122 863 218 922 ficium
242 863 388 939 publicum
414 881 480 920 cnm
505 864 578 922 laena
600 865 716 937 faceret,
741 862 815 940 quod
839 870 902 920 erat

121 942 225 1000 flamen
241 936 431 1001 Carmentalis
433 943 548 1035 ‚plebei
573 954 671 1002 contra
691 955 786 1020 patres
807 942 903 1000 conci·

121 1022 228 1081 tatione
242 1033 271 1080 et
293 1022 431 1081 seditione
456 1023 596 1096 nuntiata,
612 1034 642 1082 ut
662 1034 723 1082 erat
747 1025 819 1083 laena
834 1022 903 1080 ami·

122 1114 195 1173 ctus,
209 1103 250 1161 ita
264 1104 340 1160 veuit
357 1103 386 1160 in
402 1103 576 1161 concionem
574 1104 820 1185 ,seditionemque
835 1121 901 1160 curn

122 1182 290 1241 auctoritate
304 1193 364 1241 turn
386 1183 512 1241 oratione
533 1150 649 1242 sedavit.
691 1183 755 1242 Sed
767 1200 816 1241 eos
839 1201 902 1240 ora·

121 1271 196 1321 tores
211 1263 332 1321 habitos
344 1283 417 1335 esse,
433 1274 481 1321 aut
505 1264 622 1322 omnino
646 1274 706 1322 tum
730 1263 819 1321 ullum
843 1262 903 1320 elo·

121 1343 243 1427 quentiae
257 1343 406 1420 praemium
419 1343 506 1401 fuisse
521 1344 591 1401 nihil
614 1364 681 1402 sane
704 1344 774 1402 mihi
797 1343 902 1421 legisse

121 1418 234 1495 videor}
247 1424 459 1482 Utantummodo
456 1423 627 1514 conjectura
648 1425 737 1482 ducor
758 1424 793 1482 ad
812 1423 903 1499 suspi-

85 1504 254 1562 sroandum.
297 1502 411 1562 Dicitur
438 1504 524 1561 etiam
549 1504 582 1563 C.
604 1503 797 1562 Flaminius
790 1522 824 1573 rs,
851 1502 901 1578 qni

120 1584 354 1661 tribunusplebis
369 1585 460 1661 legem
476 1585 511 1642 de
527 1603 594 1661 agro
618 1583 730 1643 Gallico
744 1594 772 1641 et
793 1548 903 1641 Plceno

121 1663 224 1722 viritim
239 1664 392 1721 dividendo
406 1664 510 1735 tulerit,
525 1665 573 1739 qui
598 1663 696 1721 consul
712 1664 787 1740 apud
802 1662 901 1720 Trasi-

121 1760 239 1808 menum
258 1744 294 1800 sit
316 1743 492 1815 interfectus,
508 1745 543 1800 ad
564 1744 696 1821 populum
713 1744 835 1801 valuisse
859 1743 902 1800 di·

121 1821 220 1881 cendo.
262 1821 301 1884 Q.
325 1824 411 1880 etiam
436 1823 581 1881 Maximus
603 1824 783 1882 Verrucosus
807 1833 902 1881 orator

121 1902 235 1960 habitus
248 1911 291 1958 est
304 1902 478 1978 temporibus
493 1902 547 1960 illis
561 1903 642 1965 etQ.
658 1903 792 1962 Metellus
807 1902 839 1971 is,
851 1903 902 1977 qui

15 1981 16 1984 ’
121 1981 194 2039 bello
216 1981 325 2044 Punico
347 1983 474 2040 secundo
498 2001 564 2040 cum
586 1982 619 2042 L.
641 1983 761 2042 Veturio
781 1980 903 2040 Philone

121 2061 220 2119 consul
236 2061 296 2119 luit.

159 2140 227 2199 XV.
247 2141 345 2204 Quem
359 2162 425 2200 vero
438 2153 537 2215 exstet,
548 2155 577 2201 et
591 2144 695 2220 dequo
709 2143 745 2201 sit
759 2143 903 2201 memorie

120 2222 261 2300 proditum
276 2223 453 2298 eloquentem
469 2224 556 2282 luisse
577 2234 606 2281 et
629 2224 668 2282 ita
682 2243 744 2281 esse
759 2217 901 2295 habitum,

119 2303 227 2381 primus
249 2313 291 2359 est
316 2302 357 2360 M.
380 2303 530 2362 Cornelius
557 2305 713 2382 Cethegus,
738 2303 820 2380 cujus
843 2301 902 2361 elo-

119 2383 242 2461 quentiae
256 2394 299 2440 est
315 2394 421 2451 auctor,
437 2398 465 2442 et
479 2384 599 2442 idoneus
620 2384 735 2460 quidem
757 2402 821 2441 mea
835 2401 901 2440 sen·

119 2465 219 2537 tentia,
232 2464 273 2526 Q.
289 2463 418 2533 Ennius3
439 2465 594 2541 praesertim
614 2483 681 2522 curn
704 2474 733 2522 et
757 2464 818 2540 ipse
831 2481 900 2520 eum

120 2545 268 2613 audiverit,
289 2554 319 2601 et
340 2544 446 2601 scribat
467 2546 503 2603 de
527 2555 637 2603 mortuo
649 2565 656 2615 ;
677 2563 713 2602 ex
739 2564 795 2619 quo
820 2542 900 2600 nulla

81 2635 109 2675 ss
119 2626 242 2701 suspicio
255 2634 299 2682 est
313 2623 445 2681 amicitiae
460 2644 549 2682 causa
567 2644 630 2682 esse
645 2623 804 2682 mentitum.
846 2621 900 2678 Est

119 2702 204 2780 igitur
219 2707 261 2763 sic
276 2703 350 2782 apud
365 2703 444 2762 illum
459 2705 488 2763 in
503 2724 588 2777 nono,
604 2715 634 2762 ut
646 2705 756 2782 opinor,
772 2701 885 2761 annali:

242 2853 349 2901 Additur
359 2858 436 2900 orator
447 2853 570 2902 Corneliu‘
583 2854 762 2916 suaviloquenti

242 2916 537 3028 (ἔξηῦίεὲῗῶξυειιίιιειΰ
551 2918 672 2966 Tuditano
683 2918 778 2982 collega

118 3097 156 3156 Et
169 3107 308 3157 oratorem
324 3097 455 3176 appellat,
469 3108 498 3156 et
519 3098 774 3176 suaviloquentiam
789 3093 901 3167 tribuit,
