1986 3450
133 223 173 281 66
235 221 282 271 DE
306 220 432 271 CLARIS
454 220 766 279 ORATORIBUS,CA12.
783 223 822 271 tt.

84 370 305 428 sireooratoris
325 368 417 429 simile
439 368 601 445 quidquam.
643 367 673 426 Is
694 385 761 425 cum
784 367 919 429 tribunus

135 447 229 526 plebis
252 449 408 509 Curionem
432 459 461 506 et
482 448 635 506 Octavium
659 446 791 505 consules
815 449 920 525 produ·

137 528 236 601 xisset,
270 531 413 606 Curioque
447 528 536 586 multa
569 527 686 585 dixisset
716 528 835 586 sedente
862 529 918 587 Cn.

137 607 263 668 Octavio
288 609 407 686 collega,
434 609 483 684 qui
510 608 669 666 devinctus
685 617 745 664 erat
773 607 870 666 fasciis
890 619 919 668 et

137 692 236 749 multis
249 690 466 747 medicamentis
480 702 591 765 propter
605 689 729 745 dolorem
744 698 857 746 artuum
871 690 920 748 de·

138 768 256 843 libutus,
284 769 448 846 Nunquam,
471 770 571 845 inquit,
597 769 714 839 Octaui,
739 769 852 844 collega
871 777 940 827 tuo-

135 852 267 926 gratiam
278 847 382 924 reseres
390 844 406 915 ,·’
422 850 471 926 qui
481 850 580 912 nisius
593 868 642 905 suo
656 868 728 905 moro
733 847 918 924 jactavisset,

139 930 222 990 nodie
235 938 261 987 te
275 930 340 986 istic
354 950 453 987 mnscoe
464 929 650 987 comedissent.
672 926 811 987 Memoria
824 941 920 987 nutem

139 1009 182 1068 its
196 1009 248 1067 luit
261 1009 350 1081 nulls,
360 1021 391 1067 ut
403 1010 560 1087 aliquoties,
572 1009 625 1066 tria
640 1026 705 1066 cum
720 1009 927 1085 proposuisset,

143 1100 192 1147 sut
205 1099 336 1164 quartum
351 1090 467 1148 adderet
481 1100 530 1148 aut
543 1090 657 1147 tertium
671 1101 818 1165 quaereret.
857 1088 921 1152 Qui

142 1168 172 1227 in
200 1169 309 1247 judicio
335 1170 443 1246 privato
471 1170 514 1228 rel
541 1171 674 1242 maximo,
699 1187 766 1227 cum
793 1188 848 1246 ego
871 1188 921 1247 pro

143 1248 255 1309 Titinia
269 1250 360 1310 Cottae
374 1250 587 1328 peroravissem,
609 1250 657 1307 ille
680 1261 781 1308 contra
802 1262 850 1307 me
871 1269 922 1327 pro

144 1331 205 1390 Ser.
221 1330 322 1390 Naevio
335 1332 454 1402 diceret,
469 1331 562 1390 subito
575 1340 663 1388 totam
685 1348 802 1387 cansam
816 1330 922 1388 oblitus

143 1421 196 1484 est,
230 1411 315 1487 idque
348 1412 494 1470 ueneficiis
527 1421 556 1468 et
589 1410 769 1469 cantionibus
802 1409 922 1470 Titiuiae

89 1492 251 1551 intinctum
274 1511 338 1550 esse
364 1493 487 1552 dicebat.
529 1490 638 1569 Magna
665 1490 727 1550 haec
749 1490 924 1549 immemoris

143 1572 253 1649 ingenii
279 1573 380 1649 signa:
414 1573 463 1630 sed
492 1571 562 1630 nihil
590 1569 708 1647 turpius,
736 1589 821 1646 quam
848 1571 924 1647 quod

144 1653 231 1711 etiam
245 1652 275 1710 in
290 1653 401 1728 scriptis
409 1653 637 1722 oblivisceretur,
658 1651 726 1729 quid
748 1650 843 1727 paullo
858 1662 925 1710 unte

143 1731 300 1809 posuisset3
331 1741 363 1790 ut
386 1733 416 1790 in
438 1752 473 1792 eo
496 1733 578 1804 libro,
603 1731 652 1791 ubi
677 1751 708 1790 se
732 1743 886 1789 exeuntem
908 1750 926 1790 e

145 1821 247 1870 senatu
261 1821 290 1868 et
302 1830 370 1870 oum
384 1814 479 1872 Pansa
492 1822 588 1870 nostro
602 1822 711 1870 etcum
725 1811 854 1870 Curione
867 1811 926 1871 filio

146 1890 354 1966 colloquentem
368 1891 446 1964 facit,
463 1890 543 1969 [cum
557 1902 689 1950 senatum
713 1891 811 1950 Caessr
826 1892 927 1951 consul

145 1969 306 2052 habuisset]
325 1971 474 2047 omnisque
508 1970 556 2031 ille
580 1990 674 2030 sermo
698 1973 802 2030 ductus
825 1991 843 2030 e
865 1991 929 2050 per-

145 2050 310 2109 contritione
323 2050 384 2123 lilii,
398 2052 466 2128 qnid
481 2052 510 2110 in
525 2061 625 2111 senatu
647 2062 722 2110 esset
742 2064 848 2111 actum.
891 2052 928 2111 In

145 2149 202 2210 quo
215 2130 311 2190 multis
324 2133 417 2190 verbis
434 2151 500 2190 curu
523 2132 703 2191 inveheretur
728 2133 758 2190 in
780 2135 928 2192 Cursarem

146 2211 245 2284 Curio,
254 2212 462 2290 disputatioque
472 2224 547 2272 esset
558 2214 633 2272 inter
642 2233 701 2285 eos,
711 2223 742 2270 ut
755 2223 799 2272 est
809 2232 930 2271 consue·

146 2292 216 2351 tudo
239 2291 426 2370 dialogorum,
452 2313 518 2352 cum
549 2313 642 2352 sermo
675 2304 750 2352 esset
782 2294 930 2352 institutus

147 2383 247 2432 senatu
262 2373 357 2445 misso,
378 2393 462 2449 quem
487 2386 618 2433 senatum
642 2373 740 2433 Cesar
764 2374 866 2432 consul
880 2374 931 2432 hn-

147 2453 464 2531 buisset„reprehendit
487 2474 536 2513 eas
557 2474 613 2527 res,
637 2470 708 2531 quas
732 2454 808 2512 idern
830 2454 931 2513 Caesar

147 2552 224 2593 anno
236 2544 342 2612 postet
355 2534 491 2611 deinceps
505 2535 621 2611 reliquis
643 2534 725 2592 annis
750 2533 932 2594 administra-

95 2613 277 2673 srsrissetin
291 2613 395 2673 Gallia
436 2614 518 2673 LXI.
540 2615 619 2673 Tum
644 2615 749 2673 Brutus
774 2615 931 2687 admirans,

147 2691 314 2753 Tantamne
328 2694 415 2752 fuisse
438 2696 620 2767 oblivionem,
644 2695 747 2772 inquit,
771 2696 801 2762 iu
825 2694 933 2772 scripto

146 2776 313 2850 presertim,
329 2785 360 2833 ut
374 2794 411 2832 ne
424 2774 523 2853 legens
531 2775 646 2852 quidem
663 2794 788 2852 unquam
799 2775 933 2847 senserit,

147 2866 286 2930 qnantum
301 2856 402 2933 flagitii
417 2856 629 2914 commisissetl
668 2856 751 2919 Quid
763 2869 870 2928 autem,
890 2855 937 2913 in-

52 2982 56 2989 .
148 2952 245 3012 quam,
259 2935 357 3008 Brute,
371 2937 485 2996 stultius
499 2955 595 3012 quam,
609 2937 633 2994 si
644 2957 680 2995 ea
689 2937 849 3013 vituperare
858 2933 935 2994 vole-

148 3015 207 3088 bst,
222 3034 284 3092 quae
300 3017 478 3094 vituperavit,
501 3037 560 3074 non
576 3037 610 3074 eo
634 3029 761 3094 tempore
783 3017 937 3075 instituere

148 3115 319 3167 sermonem,
347 3117 414 3157 cum
444 3098 556 3157 illarum
591 3117 685 3158 rerum
716 3098 777 3174 jam
804 3108 937 3175 tempora
