1986 3450
135 219 193 278 lm)
233 218 280 267 Du
301 218 428 268 cLARrs
450 217 680 276 ORATORlBUS,
696 217 766 266 cer.
783 218 824 265 91.

134 382 193 441 gua
213 367 369 424 contentio.
418 367 517 441 quue
541 365 635 443 magis
659 365 715 422 hoc
736 382 797 434 eos,
816 361 920 439 quibus

133 462 212 501 eram
237 466 330 517 carus,
345 448 552 517 commovebat,
573 446 648 523 quod
672 444 768 504 omnia
793 444 856 501 siue
879 462 922 500 re·

135 525 279 600 missione,
294 529 357 584 sine
370 528 517 596 varietate,
531 528 558 583 vi
572 545 684 584 summa
698 526 777 582 vocis
790 535 821 580 et
834 523 921 581 totius

84 617 124 659 ³1⁴
134 608 261 682 corporis
275 607 459 665 contentione
481 609 623 664 dicebam.
665 606 767 681 ltaque
791 623 859 661 cum
876 621 921 660 rue

134 696 164 743 et
179 689 266 745 amici
279 698 308 745 et
322 688 427 744 medici
447 689 637 756 hortarentur,
652 697 684 744 ut
707 704 812 743 causas
835 702 920 762 agere

135 766 312 838 desisterem,
326 768 443 842 quodvis
457 769 551 844 potius
573 760 733 843 periculum
757 765 829 822 mihi
855 765 921 822 ade·

136 846 245 904 undum
259 865 345 921 quam
359 867 376 904 a
390 858 502 924 sperata
523 848 639 905 dicendi
660 846 750 924 gloria
768 845 922 902 disceden-

136 925 205 983 dum
219 927 324 1001 putavi.
366 928 424 986 Serl
439 948 506 986 cum
530 945 679 985 censerem
702 927 872 984 remissione
893 935 921 982 et

119 1039 121 1043 ·
136 1005 332 1064 moderatione
345 1010 424 1066 vocis
437 1020 467 1066 et
479 1019 652 1067 commutato
673 1025 777 1083 genere
803 1004 921 1063 dicendi

136 1103 185 1142 me
197 1097 226 1142 et
238 1086 396 1162 periculum
411 1089 500 1146 uitare
522 1107 603 1165 posse
624 1099 653 1144 et
674 1087 860 1163 temperatius
880 1085 921 1143 di·

137 1183 214 1237 cere,
242 1178 273 1224 ut
299 1170 535 1227 consuetudinem
563 1167 679 1225 dicendi
707 1180 858 1233 mutarem,
887 1183 921 1222 ea

137 1264 227 1305 causa
243 1248 311 1306 mibi
326 1249 356 1306 iu
371 1250 472 1307 Asiam
492 1247 693 1326 proficiscendi
715 1247 777 1304 suit.
819 1245 921 1320 Itaque

137 1345 204 1386 cum
218 1348 310 1386 essem
325 1328 472 1387 biennium
488 1339 615 1386 versatus
638 1329 668 1386 iu
691 1327 797 1396 causis,
811 1336 842 1383 et
861 1325 920 1401 jam

137 1407 167 1465 iu
190 1408 251 1467 soro
273 1410 448 1468 celebratum
470 1427 566 1468 meum
589 1428 694 1466 nomen
717 1417 803 1477 esset,
825 1406 922 1463 Rome

87 1505 128 1545 ³15
136 1506 200 1546 sum
226 1490 379 1566 profectus.
429 1490 505 1547 Cum
531 1489 673 1546 venissem
700 1488 843 1558 Athenas,
871 1504 921 1543 ser

137 1586 251 1626 menses
271 1589 338 1628 cum
353 1571 499 1628 Antiocho
521 1569 624 1626 veteris
649 1567 817 1625 Academiae
842 1566 922 1624 nobi·

137 1645 245 1707 lissimo
257 1661 287 1706 et
299 1650 520 1726 prudentissimo
537 1649 703 1726 philosopho
716 1648 767 1718 sui,
781 1647 921 1704 studium·

137 1747 194 1803 que
214 1729 400 1807 philosophiae
415 1748 560 1805 nunquam
582 1729 773 1787 intermissum
788 1728 922 1804 aprima·

137 1827 193 1883 que
208 1809 401 1868 adolescentia
415 1810 523 1868 cultum
538 1822 566 1867 et
590 1828 701 1885 semper
726 1821 843 1865 auctum
866 1807 922 1865 hoc

137 1907 236 1948 rursus
267 1909 379 1948 summo
413 1900 529 1947 auctore
562 1900 591 1947 et
625 1890 743 1946 doctore
776 1887 921 1946 renovavi.

138 1967 248 2025 Eodem
262 1979 357 2026 tamen
373 1980 499 2045 tempore
513 1969 636 2026 Athenis
652 1969 726 2046 apud
740 1967 922 2026 Demetrium

139 2048 244 2124 Syrum
258 2059 382 2106 veterem
396 2058 425 2106 et
439 2068 496 2106 non
516 2049 670 2126 ignobilem
692 2048 811 2106 dicendi
833 2048 923 2125 magi-

138 2141 228 2186 strum
243 2130 367 2187 studiose
381 2130 509 2187 exerceri
523 2130 657 2189 solebam.
679 2129 746 2187 Post
760 2148 776 2187 a
790 2148 838 2186 me
850 2130 924 2188 Asia

138 2219 198 2268 tota
210 2222 361 2287 peragrata
380 2221 424 2278 est
444 2229 510 2268 cum
528 2212 646 2268 summis
666 2210 781 2286 quidem
806 2209 925 2268 oratori·

138 2291 202 2362 bus,
217 2291 388 2368 quibuscum
402 2291 556 2349 exercebar
576 2292 646 2368 ipsis
665 2291 841 2362 lubentibus,
855 2311 926 2367 quo·

139 2391 202 2431 rum
216 2382 277 2429 erat
291 2371 423 2448 princeps
443 2369 598 2449 Menippus
620 2371 845 2429 Stratonicensis
859 2390 924 2428 meo

135 2452 245 2529 judicio
256 2463 314 2509 tota
323 2452 396 2509 Asia
407 2451 462 2508 illis
470 2451 642 2528 temporibus
657 2452 877 2508 disertissimus:
895 2464 925 2508 et

138 2533 164 2591 si
177 2533 247 2591 nihil
262 2533 368 2591 habere
383 2533 573 2591 molestiarum
589 2551 644 2589 nec
662 2531 834 2607 ineptiarum
849 2531 926 2590 Atti·

139 2632 238 2670 corum
252 2624 305 2684 est,
320 2613 367 2670 bic
382 2623 475 2670 orator
493 2613 522 2670 iu
544 2613 599 2669 illis
619 2612 762 2668 numerari
782 2622 862 2668 recte
876 2630 925 2687 po·

88 2712 129 2753 art
140 2703 203 2749 test
241 2693 446 2751 Assiduissime
461 2703 555 2749 autem
571 2710 684 2748 mecum
698 2690 752 2748 fuit
765 2689 925 2768 Dionysius

140 2770 283 2848 Magnes:
305 2784 366 2831 erat
390 2773 476 2841 etiam
502 2770 657 2847 AEschylus
682 2771 815 2842 Cnidius,
832 2772 925 2830 Adra·

140 2862 285 2927 myttenus
298 2853 454 2911 Xenocles.
495 2851 536 2908 Hi
560 2864 619 2909 tum
646 2850 676 2907 in
691 2851 764 2910 Asia
777 2853 924 2909 rhetorum

139 2931 283 3010 principes
297 2933 528 2992 numerabantur.
568 2931 686 2993 Quibus
699 2951 756 2989 non
771 2944 926 2990 contentus

140 3012 280 3072 Rhodum
293 3014 369 3085 veni,
384 3031 485 3090 meque
499 3012 535 3069 ad
559 3013 694 3079 eundem,
708 3030 793 3087 quem
819 3014 925 3071 Rome

141 3093 317 3162 audiueram,
332 3090 478 3154 Molonem
500 3093 639 3170 applicari
663 3110 729 3150 cum
752 3103 881 3152 actorem
895 3093 924 3150 iu
