1986 3450
132 215 171 274 60
238 213 284 262 DE
306 215 430 264 CLARIS
452 213 823 272 ORATORIBUS,CA1³.56.

133 359 297 436 probantur,
325 363 399 438 quod
427 360 542 418 dicendi
574 379 665 438 genus
690 357 838 436 ,optimum
865 355 911 430 sit,

134 439 282 516 intelligit:
303 461 369 498 nam
383 440 462 511 illud,
477 441 551 515 quod
565 441 667 517 populo
686 459 744 497 non
765 438 911 514 probatur,

129 529 171 580 'ne
199 520 366 598 intelligenti
393 521 506 595 quidem
533 520 653 578 auditori
674 520 786 596 probari
811 529 912 595 potest.

133 599 172 657 Ut
199 603 274 658 enim
303 621 337 658 ex
361 619 507 657 nervorum
536 621 605 658 sono
629 600 657 658 in
684 600 798 672 fidibus,
828 618 913 675 quam

134 680 256 750 scienter
271 681 297 737 ei
311 680 383 756 pulsi
398 679 462 747 sint,
479 680 596 757 intelligi
618 681 705 748 solet3
727 680 768 738 sic
791 698 829 736 ex
854 680 913 737 ani·

134 779 243 818 morum
258 773 335 817 motu
350 760 484 830 cernitur,
498 760 565 835 quid
586 761 740 818 tractandis
765 759 809 816 his
831 759 914 837 perfi-

84 854 123 894 200
135 841 193 898 ciat
207 849 308 897 orator.
349 841 448 915 Itaque
464 840 625 917 intelligens
639 836 755 901 dicendi
769 839 915 898 existima·

135 931 176 978 tor
204 939 259 976 non
287 920 416 996 assidens
442 933 470 977 et
497 933 603 977 attente
632 921 750 978 audiens
776 921 829 978 sed
856 939 913 978 nuo

135 1000 270 1075 adspectu
284 1012 312 1056 et
326 1001 490 1076 praeteriens
510 1001 545 1057 de
566 1011 677 1076 oratore
699 1020 772 1076 saeps
791 998 911 1076 judicat.

136 1080 221 1159 Videt
234 1080 400 1138 oscitantem
412 1081 548 1157 judicem,
560 1081 720 1156 loquentem
733 1100 798 1139 cum
815 1081 912 1152 altero,

134 1179 335 1236 nonnunquam
363 1160 448 1218 etiam
476 1161 671 1232 circulantem,
695 1161 853 1218 mittentem
878 1160 912 1218 ad

135 1241 227 1312 horas,
242 1241 428 1317 quaesitorem,
444 1251 474 1299 ut
485 1241 615 1312 dimittat,
629 1253 791 1318 rogantem;
810 1241 912 1298 intelli·

134 1322 175 1400 git
188 1333 327 1379 oratorem
342 1324 369 1378 in
385 1341 420 1380 ea
434 1341 522 1379 causa
544 1341 599 1379 non
623 1321 730 1392 adesse,
755 1320 803 1396 qui
825 1321 912 1397 possit

136 1402 237 1461 animis
255 1403 385 1479 judicum
414 1403 562 1459 admovere
583 1402 738 1459 orationem
765 1412 910 1477 tamquam

134 1482 238 1540 fidibus
253 1503 376 1549 manum.
417 1482 497 1539 Idem
518 1483 541 1538 si
562 1482 726 1559 praeteriens
750 1480 914 1556 adspexerit

135 1574 253 1632 erectos,
278 1564 420 1621 intuentes
437 1562 558 1639 judices,
584 1574 613 1621 ut
639 1572 686 1618 ant
710 1562 807 1627 doceri
832 1562 911 1619 ders

135 1642 218 1718 idque
229 1643 315 1701 etiarn
329 1643 405 1701 vultu
421 1643 538 1719 probare
553 1643 709 1712 videantur,
722 1652 770 1699 aut
784 1651 815 1698 ut
831 1658 910 1700 avem
936 1663 942 1670 ¹

136 1734 221 1779 cantu
238 1722 330 1798 aliquo
351 1723 393 1781 sic
415 1723 476 1780 illos
495 1723 595 1780 viderit
611 1722 738 1780 oratione
751 1721 832 1796 quasi
852 1741 912 1779 sus·

134 1818 236 1877 pensos
265 1803 364 1870 teneri,
388 1814 435 1860 aut
462 1802 501 1872 id,
522 1804 594 1878 quod
618 1803 740 1859 maxime
761 1820 834 1876 opus
858 1813 912 1875 est,

135 1881 340 1952 misericordia,
355 1883 428 1953 odio,
438 1878 516 1939 motu
530 1881 617 1939 animi
630 1882 721 1958 aliquo
731 1880 911 1958 perturbatos

135 1978 197 2016 esse
224 1962 436 2031 vehementius3
470 1980 504 2018 ea
531 1961 554 2018 si
582 1964 755 2038 preteriens,
783 1975 815 2018 ut
842 1962 913 2035 dixi,

136 2039 303 2115 adspexerit,
331 2041 355 2098 si
382 2040 451 2098 nihil
482 2041 611 2113 audierit,
645 2053 739 2099 tamen
770 2053 914 2101 oratorem

135 2121 239 2178 versari
255 2121 283 2179 in
298 2121 346 2179 illo
362 2120 472 2198 judicio
496 2134 524 2179 et
537 2143 607 2199 opus
620 2123 773 2180 oratorium
787 2121 850 2179 lieri
865 2134 914 2182 aut

134 2201 291 2278 perlectum
310 2202 368 2279 jam
383 2222 445 2260 esse
459 2202 585 2278 profecto
599 2202 743 2280 intelliget

85 2298 123 2339 aur
174 2281 236 2340 Lx.
257 2283 331 2340 Cum
347 2283 408 2341 haec
423 2283 626 2354 disseruissem,
646 2295 763 2358 uterque
778 2301 913 2341 assensus

135 2373 188 2436 est,
203 2373 298 2439 elego
312 2372 454 2439 tamquam
470 2363 504 2420 de
519 2362 629 2441 integro
645 2363 768 2434 ordiens,
782 2363 914 2426 Quando

136 2444 230 2522 igitur,
245 2444 401 2518 inquam,a
424 2443 508 2523 Cotta
530 2456 558 2501 et
582 2444 709 2520 Sulpicio
733 2443 795 2503 haec
819 2443 914 2501 omnis

136 2523 216 2583 fluxit
243 2523 347 2595 oratio,
366 2542 431 2580 curn
454 2524 504 2581 hos
526 2523 646 2581 maxime
664 2523 774 2600 judicio
800 2522 913 2583 illorum

136 2603 282 2664 hominurn
306 2614 334 2661 et
349 2602 422 2661 illius
447 2603 537 2662 aetatis
559 2604 692 2661 dixissem
713 2605 855 2680 probatos,
870 2623 916 2662 re·

136 2692 227 2741 vertar
255 2686 290 2741 ad
315 2703 362 2742 eos
389 2683 479 2760 ipsos:
501 2694 561 2739 tum
582 2684 712 2761 reliquos,
738 2697 768 2742 ut
790 2684 915 2756 institui,

136 2761 271 2840 deinceps
297 2783 456 2841 persequar.
507 2763 652 2824 Quoniam
677 2784 745 2841 ergo
767 2775 915 2823 oratorum

136 2841 271 2900 bonorum
288 2845 353 2921 (hos
367 2844 442 2902 enim
458 2844 622 2922 quaerimus)
639 2844 695 2903 duo
708 2864 815 2922 genera
835 2856 916 2918 sunt,

136 2940 223 2979 unum
240 2932 382 2982 attenuate
406 2943 566 3000 presseque,
590 2923 708 2982 alterurn
728 2925 840 2983 sublate
856 2945 917 2983 am·

133 3002 234 3080 pleque
249 3002 420 3074 dicentium3
442 3005 493 3062 etsi
509 3005 536 3061 id
552 3003 651 3062 melius
665 3015 717 3076 est,
731 3006 804 3082 quod
820 3006 917 3084 splen·

135 3083 229 3142 didius
243 3093 272 3141 et
297 3083 536 3165 magnificentius,
554 3096 649 3145 tamen
665 3085 694 3144 in
709 3085 791 3145 bonis
803 3087 929 3169 omnia„
