1986 3450
140 224 197 286 106
236 222 283 272 DE
304 222 431 273 CLARIS
453 220 682 280 ORATORIBUS,
698 220 768 270 (las.
786 221 827 269 at.

89 390 128 432 aaa
137 369 260 448 publico.
294 369 411 441 Melius,
424 387 530 445 queso,
544 366 682 439 ominare,
697 364 791 443 inquit
805 367 921 425 Brutus

34 499 36 503 .
138 451 183 509 Sit
193 470 273 523 sane,
284 461 315 510 ut
326 451 378 522 vis,
390 450 516 526 inquam,
528 461 557 506 et
568 449 596 507 id
611 468 668 507 non
683 459 741 506 tam
753 465 820 505 mea
833 463 924 504 causa

126 550 222 607 ¹quam
245 543 310 591 tua:
332 532 381 588 sed
407 531 567 590 fortunatus
589 530 665 587 illius
686 528 791 599 exitus,
813 527 924 605 quiea

136 631 194 671 non
207 612 285 684 vidit,
297 621 364 670 cum
376 610 485 683 fierent,
495 631 557 688 quae
569 609 691 686 providit
702 609 808 668 futura.
837 609 922 684 Saepa

137 693 215 750 enim
238 694 310 750 inter
335 711 387 749 nos
411 692 608 768 impendentes
632 707 718 749 casus
742 687 922 759 deflevimus,

137 792 203 832 cum
219 773 284 830 belli
299 771 390 829 civilis
404 791 506 832 causas
520 772 549 830 in
569 771 742 848 privatorum
757 769 923 846 cupiditati·

136 853 190 912 bus
202 852 337 924 inclusas,
351 852 431 929 pacis
445 872 525 930 spem
543 872 560 910 a
581 852 696 927 publico
721 850 845 908 consilio
859 868 921 909 essa

134 933 282 991 exclusam
298 932 466 993 videremus.
502 933 560 990 Sed
575 932 654 990 illum
669 931 782 991 videtur
796 930 922 988 felicitas

114 1029 115 1033 ’
136 1012 233 1089 ipsius,
248 1033 304 1090 qua
318 1028 429 1091 semper
443 1024 487 1072 est
500 1023 579 1084 usus,⁴
595 1013 631 1070 ab
652 1011 695 1073 eis
708 1010 844 1084 miseriis,
859 1031 921 1088 que

126 1105 300 1167 'consecute
314 1104 391 1163 sunt,
407 1105 496 1153 morte
510 1093 681 1152 vindicasse.

47 1204 49 1208 ¹
84 1197 123 1240 aaa
174 1173 237 1233 Nos
251 1187 355 1246 autem,
369 1175 466 1248 Brute,
478 1175 612 1253 quoniam
623 1182 687 1251 post
701 1171 853 1235 Hortensii
866 1171 921 1230 cla·

135 1253 240 1314 tissimi
261 1255 381 1314 oratoris
403 1267 521 1325 mortem
545 1253 816 1328 orbae'oloquentiae
840 1252 922 1330 quasi

133 1345 242 1394 tutores
256 1336 347 1395 relicti
362 1354 471 1408 sumus,
482 1336 560 1394 domi
574 1347 723 1398 teneamus
733 1350 799 1390 eam
810 1345 922 1410 septam

133 1415 244 1474 liberali
256 1416 397 1487 custodia,
408 1427 436 1474 et
449 1419 502 1475 hos
516 1417 627 1492 ignotos
642 1425 726 1490 atque
738 1413 922 1490 impudentes

133 1515 237 1574 procos
254 1497 446 1574 repudiemus,
461 1508 649 1572 tueamurque
670 1506 703 1554 ut
725 1494 855 1554 adultam
870 1495 922 1553 rir-

134 1577 232 1654 ginem
254 1589 343 1646 caste,
357 1589 387 1635 et
410 1579 446 1635 ab
464 1587 622 1635 amatorum
646 1576 765 1652 impetu,
779 1588 920 1651 quantum

132 1675 293 1732 possumus,
307 1658 516 1735 prohibeamus.
551 1657 693 1734 Equidem
708 1654 762 1712 etsi
776 1654 863 1714 doleo
876 1673 920 1714 me

132 1736 162 1794 in
172 1737 258 1795 vitam
269 1738 363 1815 paullo
370 1738 463 1798 serius
470 1749 614 1814 tamquam
624 1738 653 1795 in
663 1736 737 1794 viam
747 1735 920 1813 ingressum,

131 1817 297 1894 priusquam
309 1819 474 1878 confectum
489 1819 542 1877 iter
556 1819 601 1890 sit,
614 1819 643 1876 in
655 1818 731 1874 hanc
742 1816 920 1893 rei-publice

132 1909 248 1956 noctem
263 1898 417 1958 incidisse:
439 1913 536 1956 tamen
549 1919 585 1956 ea
599 1895 795 1956 consolatione
809 1908 920 1956 susten·

133 1988 185 2048 tor,
199 1995 284 2054 quam
298 1988 329 2037 tu
344 1979 424 2049 mihi,
439 1979 537 2048 Brute,
554 1977 710 2036 adhibuisti
731 1977 789 2036 tuis
811 1979 921 2037 suavis·

132 2056 213 2116 simis
226 2058 324 2130 literis,
339 2058 443 2134 quibus
456 2077 502 2116 me
517 2058 581 2118 forti
590 2111 592 2115 .
602 2059 697 2116 animo
711 2077 774 2115 esse
788 2069 920 2135 oportere

133 2138 283 2209 censebas,
297 2139 372 2216 quod
386 2159 421 2198 ea
439 2139 680 2218 pessimamque
704 2138 740 2195 de
763 2157 810 2196 me
831 2140 920 2197 etiam

132 2237 179 2278 mc
192 2230 307 2278 tanente
322 2221 383 2297 ipsa
394 2221 586 2296 loquerentur,
598 2230 765 2294 mortuoque
776 2220 919 2278 viverent:

133 2321 207 2378 que,
222 2300 246 2358 si
260 2310 339 2359 recte
355 2313 439 2376 esset,
453 2301 544 2361 salute
557 2301 600 2360 rei
613 2299 746 2377 publicae,
762 2299 808 2358 sin
822 2320 918 2370 secus,

133 2381 250 2440 interitu
265 2380 326 2457 ipso
340 2382 533 2442 testimoninm
558 2397 685 2441 meorum
704 2380 741 2437 de
755 2400 787 2438 re
801 2381 920 2458 publica

83 2482 121 2524 ³³1
133 2462 317 2522 consiliorum
331 2464 441 2521 darent.
482 2462 609 2522 XCVII.
631 2460 689 2519 Sed
705 2460 734 2518 in
749 2469 777 2518 te
793 2461 917 2533 intuens,

133 2543 231 2615 Brute,
246 2543 339 2617 doleo,
354 2544 438 2621 cujus
452 2543 482 2601 in
504 2542 727 2602 adolescentiam
743 2559 793 2618 per
808 2542 918 2600 medias

133 2622 233 2682 laudes
246 2624 328 2701 quasi
348 2623 494 2701 quadrigis
516 2623 666 2681 vehentem
691 2634 856 2680 transversa
877 2623 918 2681 in·

133 2704 224 2761 currit
237 2705 340 2764 misera
354 2705 468 2764 fortuna
481 2704 522 2762 rei
535 2703 668 2779 publice.
703 2701 764 2761 Hic
778 2720 824 2761 me
838 2702 918 2762 dolor

133 2784 236 2860 tangit,
251 2785 314 2844 haec
337 2804 383 2843 me
404 2804 476 2844 cura
498 2784 622 2842 solicitat
647 2793 675 2841 et
699 2783 778 2842 hunc
801 2802 916 2843 mecum

134 2863 243 2922 socium
257 2866 386 2942 ejusdem
400 2877 430 2923 et
444 2865 547 2923 amoris
562 2874 590 2922 et
600 2862 713 2941 judicii.
734 2898 736 2903 .
756 2861 827 2921 Tibi
843 2864 917 2922 sare·

134 2963 209 3016 mus,
223 2956 251 3001 te
275 2956 325 3005 tua
339 2947 394 3005 srui
416 2945 519 3004 virtute
541 2946 691 3021 cupimus:
712 2942 764 3001 tibi
786 2955 918 3020 optamus

134 3044 198 3084 eam
212 3043 271 3083 rem
286 3027 442 3102 publicam,
456 3026 486 3084 in
500 3045 556 3102 qua
569 3027 690 3085 duorum
703 3042 844 3102 generum
861 3045 918 3083 am-

134 3106 325 3184 plissimorum
351 3125 488 3168 renovare
511 3107 677 3167 memoriam
701 3114 786 3182 atque
810 3123 917 3186 augere
