1986 3450
135 207 176 267 58
234 207 281 255 DE
304 205 429 257 CLARIS
452 204 763 264 ORATORIBUS,CA1³.
780 207 819 255 63

136 352 261 411 bandum
275 363 412 412 oratorem
431 355 539 430 probat,
554 354 603 410 sed
624 354 725 445 probat
749 352 811 409 sine
837 368 912 408 com-

134 434 299 510 paratione:
321 455 386 493 cum
403 454 418 492 a
433 435 567 493 mediocri
583 436 730 493 autetiam
746 452 762 490 a
776 429 852 489 malo
865 431 912 487 de-

135 514 267 587 lectatur,
282 535 316 573 eo
329 526 371 572 est
391 527 551 586 contentus,
567 535 636 572 esse
651 516 751 572 melius
773 533 831 571 non
852 531 913 568 sen·

136 593 186 652 tit:
214 595 294 664 illud,
322 596 395 671 quod
418 608 470 664 est,
498 563 696 672 qudlecunque
724 607 776 665 est,
803 593 911 669 probat.

136 673 232 733 Tenet
246 677 321 734 enim
337 696 419 734 aures
432 679 475 734 vel
491 678 764 746 mediocrisorator,
778 675 816 731 sit
830 673 914 731 modo

137 754 242 831 aliquid
267 756 295 812 in
317 776 370 816 eo:
392 777 446 814 nec
469 778 513 815 res
536 758 593 816 ulla
615 759 678 834 plus
701 757 775 832 apud
804 755 912 811 animos

136 834 281 894 hominum
296 856 380 911 quam
402 838 470 896 ordo
491 850 519 897 et
543 851 660 897 ornatus
680 835 814 894 orationis
830 834 912 892 valet.

88 924 125 966 19⁴
134 914 235 976 Quare
248 917 311 992 quis
324 937 359 975 ex
372 919 482 994 populo,
498 939 564 977 cum
578 919 618 981 Q.
635 917 790 976 Scaevolam
803 935 856 991 pro
870 913 909 974 M.

134 996 261 1072 Coponio
274 998 418 1055 dicentem
443 1000 553 1058 audiret
577 1000 605 1057 in
628 1019 663 1057 ea
684 1016 781 1068 causa,
796 996 833 1052 de
856 1014 912 1072 qua

135 1086 200 1133 ante
215 1077 282 1149 dixi,
296 1079 449 1155 quidquam
473 1080 588 1156 politius
610 1091 658 1139 aut
681 1076 843 1156 elegantius
863 1087 911 1136 aut

133 1156 249 1215 omnino
274 1159 374 1218 melius
397 1173 445 1218 aut
466 1171 652 1236 exspectaret,
677 1169 726 1217 aut
746 1176 828 1235 posse
851 1156 911 1215 fieri

86 1256 125 1298 195
134 1239 264 1312 putaret?
292 1239 367 1298 Cum
381 1241 405 1297 is
416 1242 470 1298 hoc
484 1242 602 1316 probare
616 1241 700 1298 vellet
714 1238 764 1298 M'.
778 1237 910 1308 Curium,

135 1336 202 1375 cum
216 1318 255 1376 ita
277 1321 358 1378 heres
383 1322 527 1380 institutus
551 1333 635 1392 esset,
650 1321 674 1377 si
697 1318 821 1396 pupillus
847 1328 912 1375 ante

134 1411 262 1458 mortuus
276 1412 360 1469 esset,
374 1420 458 1477 quam
478 1402 506 1458 in
529 1421 610 1461 suam
634 1401 751 1459 tutelam
777 1398 911 1469 venisset,

132 1480 238 1555 pupillo
252 1500 308 1538 non
323 1495 390 1540 nato
403 1483 535 1540 heredem
557 1501 619 1540 esse
643 1501 699 1539 non
719 1499 821 1558 posse:
843 1478 911 1555 quid

133 1559 181 1617 ille
196 1580 251 1618 non
277 1562 346 1620 dixit
368 1563 403 1619 de
427 1573 660 1620 testamentorum
681 1561 756 1639 jure,
777 1561 813 1617 de
839 1558 910 1616 anti·

133 1639 196 1715 quis
210 1640 355 1699 formulis?
375 1643 453 1718 quid,
467 1643 705 1719 quemadmodum
730 1640 818 1698 scribi
832 1658 911 1716 opor·

132 1719 243 1791 tuisset,
257 1721 281 1777 si
295 1722 380 1780 etiam
396 1723 453 1780 filio
475 1743 531 1780 non
555 1734 623 1781 nato
647 1723 728 1780 heres
750 1720 912 1778 instituere·

85 1817 122 1858 196
132 1799 195 1858 turl
215 1819 299 1875 quam
311 1803 467 1878 captiosum
481 1822 543 1860 esse
556 1804 669 1880 popu10,
684 1803 758 1878 quod
774 1800 914 1877 scriptum

133 1889 216 1950 esset,
231 1881 337 1958 negligi
352 1894 380 1939 et
393 1883 526 1958 opinione
539 1884 627 1958 quaeri
652 1883 811 1941 voluntates
827 1892 856 1938 et
871 1881 913 1939 in·

131 1960 331 2035 terpretatione
345 1962 513 2020 disertorum
536 1964 641 2038 scripta
665 1961 839 2039 simplicium
863 1961 912 2019 ho·

84 2056 121 2096 197
132 2039 240 2096 minum
255 2043 436 2115 perverteret
459 2042 557 2104 Quam
573 2042 620 2100 ille
635 2043 724 2100 multa
737 2043 772 2100 de
788 2040 911 2100 auctori·

119 2130 188 2195 tate
203 2121 289 2196 patris
304 2122 357 2193 sui,
368 2123 416 2198 qui
431 2142 539 2199 semper
551 2122 598 2198 jus
612 2123 681 2182 illud
697 2142 759 2181 esse
773 2120 910 2180 desende-

131 2200 194 2259 ratl
215 2220 299 2277 quam
323 2204 439 2261 omnino
463 2201 552 2261 multa
571 2205 606 2260 de
629 2203 824 2261 conservando
843 2201 909 2279 jure

131 2280 227 2341 civili?
247 2302 308 2357 quae
323 2284 436 2358 quidem
449 2284 547 2342 omnia
560 2303 626 2342 cum
640 2284 728 2360 perite
742 2295 771 2340 et
784 2283 911 2341 scienter

130 2373 191 2422 tum
206 2361 244 2419 ita
259 2363 379 2421 breviter
392 2374 421 2420 et
434 2384 528 2440 presse
550 2375 578 2422 et
592 2366 659 2422 satis
672 2374 772 2422 ornare
786 2374 815 2420 et
828 2381 909 2440 pere·

129 2443 256 2522 legenter
270 2442 378 2501 diceret
384 2466 391 2515 ;
413 2445 475 2519 quis
486 2457 560 2502 esset
574 2445 603 2502 in
614 2446 727 2522 populo,
738 2443 787 2520 qui
799 2455 849 2502 aut
862 2462 910 2500 ex·

130 2532 280 2599 spectaret,
290 2536 338 2582 aut
347 2524 406 2581 fieri
416 2544 496 2600 posse
505 2526 657 2602 quidquam
669 2525 769 2582 melius
777 2523 909 2601 putaretl

81 2678 85 2683 Ι
130 2602 212 2660 LIII.
234 2607 275 2665 At
289 2624 354 2662 vero
368 2616 398 2662 ut
413 2618 511 2663 contra
532 2607 653 2664 Crassus
675 2605 710 2662 ab
726 2606 909 2662 adolescente

130 2681 252 2743 delicato
254 2686 320 2761 ,qui
335 2686 363 2742 in
377 2686 457 2742 litore
473 2686 621 2743 ambulans
635 2686 773 2744 scalmum
790 2685 909 2762 reperis·

130 2773 182 2832 set,
206 2766 242 2820 ob
264 2785 382 2842 eamque
406 2785 465 2822 rem
486 2766 628 2824 aedificare
651 2785 752 2823 navem
772 2765 909 2843 coucupi-

129 2841 224 2911 visset,
242 2864 357 2904 exorsus
378 2856 438 2913 est3
459 2845 586 2903 similiter
609 2846 767 2904 Scaevolam
789 2866 824 2904 ex
850 2865 909 2904 uno

129 2885 237 2981 acalmb
264 2926 403 3002 captionis
425 2888 629 2983 dentumvirale
653 2927 796 3018 judicium
825 2926 908 2984 here-

128 3003 225 3062 ditatis
251 3006 390 3079 effecisse,
421 3006 510 3065 hoc
504 3025 533 3063 rn
557 3007 632 3063 illo
626 3007 706 3064 mitio
734 3019 909 3073 consecutus

127 3085 224 3144 multis
257 3084 384 3163 ejusdem
416 3086 530 3166 generis
564 3086 712 3146 sententiis
752 3085 908 3146 delectavit
