1986 3450
191 212 238 263 DE
260 213 385 265 CLARIS
408 211 638 274 ORATORIBUS,
654 213 723 263 Cur.
740 215 779 262 19.
837 213 875 274 21

98 353 137 415 eit
150 358 209 436 ipse
221 359 257 418 de
277 379 327 431 se,
348 374 404 417 nec
425 348 559 418 mentitur
580 360 609 418 in
630 359 787 436 gloriando..
826 357 877 417 Sic

97 437 175 497 euim
187 459 251 500 sese
271 460 317 498 res
338 441 432 498 habet.¹
473 440 549 498 Nam
571 450 600 498 et
621 440 752 516 Odyssea
772 439 877 498 Latina

95 528 139 575 est
159 520 202 578 sic
222 531 366 596 tamquam
387 539 457 610 opus
478 521 588 596 aliquod
611 518 734 591 Daedali,
754 530 782 577 et
802 519 877 576 Livi·

98 614 159 657 rnae
174 599 276 659 fabulae
291 601 431 658 nonsatis
450 601 555 678 dignae,
570 621 633 677 quae
647 601 762 658 iterum
782 599 877 678 legau-

93 686 151 737 tur.
191 672 288 756 Atque
308 681 364 738 hic
376 680 484 752 Livius,
498 682 546 757 qui
571 682 678 757 primus
699 679 823 738 fabulum
841 681 875 738 C.
887 697 913 738 ιι

93 756 208 831 clodio,
229 760 311 819 Caeci
338 760 403 832 filio,
425 773 453 819 et
476 727 519 818 M.
542 761 689 819 Tuditano
712 759 877 818 consulibus

94 837 194 896 docuit
215 858 289 898 anno
310 841 378 918 ipsc,
400 854 568 917 antequam
566 851 658 899 natus
682 852 725 898 est
747 840 875 911 Ennius3

94 929 159 994 post
172 919 295 986 Romam
312 923 457 980 conditam
479 936 574 980 autem
596 930 696 1000 quarto
716 921 828 978 decimo
848 929 877 978 et

94 997 332 1075 quingentesimo,
348 1013 379 1060 ut
402 1002 450 1059 hic
471 1001 519 1071 ait,
534 1021 628 1078 quem
640 1021 692 1060 nos
713 1002 876 1076 sequimur:

94 1085 139 1134 est
162 1079 237 1138 enim
261 1081 333 1140 iuter
358 1083 512 1159 scriptores
538 1083 574 1140 de
597 1100 715 1140 numero
738 1099 876 1139 annorum

94 1161 292 1220 controversia.
335 1163 432 1220 Attius
453 1171 547 1231 autem
563 1163 632 1225 ιθ.
649 1161 776 1219 lllaximo
796 1161 877 1236 quin-

94 1245 156 1294 tuni
183 1242 300 1300 consule
326 1253 441 1318 captum
468 1242 598 1300 Tarento
624 1242 737 1318 scripsit
763 1240 877 1297 Livium

96 1318 179 1376 anuis
209 1339 272 1378 xxx
299 1333 372 1398 post,
396 1340 482 1398 quam
510 1341 576 1379 eum
599 1321 725 1379 fabulam
746 1319 877 1377 docuisse

94 1407 124 1455 et
137 1400 252 1459 Atticus
261 1389 375 1475 scribit,
389 1414 418 1459 et
439 1421 490 1458 nos
511 1401 540 1458 in
562 1401 685 1485 antiquis
706 1408 878 1457 commenta-

94 1477 144 1536 riie
168 1479 346 1540 invenimus.
367 1447 498 1538 docuisse
524 1492 618 1537 autem
644 1479 768 1538 fabulam
794 1478 914 1540 anuisra

95 1569 160 1634 post
174 1579 207 1617 ιιι
225 1560 259 1618 C
275 1561 411 1619 Cornelio
423 1560 464 1622 Q.
480 1559 613 1618 Minucio
627 1558 792 1618 consulibus
804 1558 878 1616 ludis

95 1635 269 1707 luventatis,
283 1659 354 1715 quos
378 1639 520 1699 Salinator
545 1641 668 1699 Senensi
686 1640 785 1718 proelio
799 1658 905 1699 vore·-

92 1729 148 1778 rat.
190 1717 226 1776 In
240 1738 295 1795 quo
319 1731 415 1777 tantus
435 1738 511 1778 error
526 1721 600 1779 Attii
621 1721 682 1792 fuit,
698 1732 729 1779 ut
746 1721 789 1778 his
810 1739 878 1778 cou-

93 1798 204 1858 sulibus
218 1818 257 1856 ιιι
272 1819 362 1858 annos
387 1811 471 1858 natus
490 1801 603 1860 Ennius
624 1767 726 1863 sueiit:
748 1801 796 1859 cui
810 1820 877 1858 cum

93 1879 310 1956 equalis-suerit
324 1880 431 1952 Livius,
446 1882 537 1940 minor
553 1881 605 1940 fuit
621 1882 787 1958 aliquanto
780 1901 814 1952 rs,
828 1879 876 1958 qui

93 1959 340 2038 primus-fabulam
355 1962 434 2019 dedit
446 1960 531 2038 quam
554 1963 585 2033 ii,
599 1963 647 2038 qui
669 1962 771 2020 multas
792 1962 878 2020 docu-

93 2049 177 2098 erant
191 2051 256 2098 ante
278 2043 331 2100 hos
349 2042 490 2113 consules,
505 2053 534 2100 et
556 2043 675 2100 Plautus
698 2053 726 2099 et
750 2042 875 2101 Naevius.

93 2119 181 2178 XIX.
203 2120 277 2181 Haec
290 2121 315 2179 si
329 2122 423 2180 minus
438 2133 503 2198 apta
515 2123 645 2180 videntur
660 2122 729 2179 huic
743 2121 876 2193 sermoni,
887 2139 913 2180 ιι

94 2199 192 2271 Brute,
207 2202 306 2260 Attico
321 2203 446 2279 assigna,
460 2203 508 2277 qui
522 2221 568 2259 me
583 2202 769 2261 inflammavit
783 2201 877 2259 studio

94 2279 246 2339 illustrium
273 2282 422 2340 hominum
450 2292 548 2340 aetates
575 2293 603 2339 et
629 2292 756 2359 tempora
782 2299 877 2358 perse·

93 2361 209 2452 queudi.
250 2361 313 2439 Ego
339 2381 413 2434 vero,
440 2362 531 2438 inquit
554 2362 669 2434 Brutus,
694 2375 723 2420 et
750 2363 877 2419 delector

93 2441 148 2500 ieta
161 2441 241 2532 quasi
255 2442 400 2500 notatione
414 2452 582 2518 temporum,
598 2455 627 2501 et
641 2443 677 2500 ad
691 2443 719 2500 id
722 2439 842 2517 ,'quod
836 2458 878 2496 rn-

92 2521 219 2590 stituisti,
239 2533 382 2581 oratorum
406 2540 513 2600 genera
537 2522 712 2600 distinguere
736 2519 877 2592 aetatibus,

93 2602 179 2661 istam
212 2566 390 2678 diligentiam
423 2622 486 2660 esse
521 2604 766 2662 accommodatam
798 2611 876 2678 puto.

94 2679 224 2752 Recte,
218 2698 341 2756 mquam,
362 2683 459 2773 Brute,
478 2680 636 2761 intelligis:
659 2694 743 2758 atque
768 2682 914 2742 utinamrr

93 2769 239 2819 exstarent
253 2761 300 2819 illa
324 2763 463 2830 carmina,
477 2783 539 2839 quae
564 2764 661 2822 multis
685 2762 789 2820 seculis
811 2775 878 2821 ante

94 2859 177 2899 suam
194 2849 306 2900 aetatem
320 2842 351 2900 in
364 2843 455 2920 epulis
475 2863 540 2902 esse
561 2844 699 2903 cantitata
721 2862 737 2901 a
757 2843 879 2920 singulis

95 2921 224 2980 convivis
238 2922 274 2979 de
290 2921 429 2982 clarorum
444 2922 566 2983 virorum
587 2923 720 2982 laudibus
740 2924 769 2982 in
783 2923 880 2998 Origi-

95 3001 181 3059 nibus
209 3001 348 3079 scriptum
374 3004 487 3081 reliquit
513 3005 620 3063 Catol·
650 3002 763 3063 Tamen
793 3002 878 3072 illius,

94 3099 181 3159 quam
207 3082 237 3142 iu
261 3083 373 3142 ratibus
399 3095 428 3144 et
452 3084 562 3145 Fauuls
580 3095 731 3144 enumerat
756 3081 890 3151 unctui,
