1986 3450
148 223 187 282 74
246 219 293 269 DE
313 219 439 269 CLARIS
461 217 693 276 ORATORIBUS,
710 218 780 269 (lan.
797 218 837 266 68.

97 381 248 444 asapaucae
273 366 410 424 centuria
435 365 471 423 ad
490 364 671 422 consulatum
692 363 854 424 desueruut.
898 364 934 424 C.

147 445 248 504 Macer
263 447 430 504 auctoritate
444 463 554 520 semper
566 445 654 521 egnit,
665 445 717 501 sed
729 444 782 502 luit
795 456 935 520 patronus

146 529 349 604 propemodum
373 524 617 602 diligentissimus,
660 524 755 601 Hujus
779 525 887 597 siritu,
910 525 934 584 si

147 626 249 679 mores,
264 607 288 665 si
303 607 396 664 vultus
410 605 533 680 denique
548 625 604 662 nou
619 623 733 662 omnem
750 607 935 664 commenda·

146 689 253 747 tionem
269 686 378 765 ingenii
391 695 540 755 everteret,
555 685 646 761 majus
668 704 772 743 nomeu
785 686 825 743 ·in
841 697 936 764 patro·

147 769 192 828 nis
220 767 327 826 luisset.
381 765 449 823 Non
484 775 545 823 erat
577 765 738 837 abundans,
766 785 823 824 non
853 767 935 845 inops

146 860 252 919 tamen,
268 866 324 904 non
340 846 422 905 valde
436 845 540 916 nitens,
555 865 611 904 non
636 846 722 921 plane
745 847 860 905 horrida
872 866 935 906 ora·

146 928 205 987 tlo:
227 946 290 998 vox,
304 936 401 1004 gestus
423 935 452 982 et
473 926 566 983 omnis
589 927 665 984 actio
686 927 749 983 sine
767 927 883 1003 lepore3
906 939 935 986 at

75 1003 78 1009 ’
146 1007 175 1065 in
190 1006 369 1065 inveniendis
383 1006 643 1083 componendisque
662 1007 747 1064 rebus
761 1007 834 1065 mira
849 1027 934 1067 accu-

146 1086 228 1158 ratio,
244 1100 347 1146 utnon
365 1086 450 1145 sacile
473 1087 504 1144 iu
529 1085 586 1155 ullo
610 1087 822 1164 diligentiorem
848 1089 935 1166 majo·

145 1187 261 1244 remque
286 1167 488 1246 cognoverim;
510 1167 560 1224 sed
584 1186 648 1224 eam
672 1177 703 1225 ut
727 1167 812 1227 citius
828 1181 934 1231 vetera·

144 1248 246 1307 toriam
260 1268 346 1325 quam
359 1248 509 1306 oratoriam
535 1247 656 1305 diceres.
687 1246 830 1313 >Hicetsi
845 1250 934 1309 etiam

145 1328 175 1388 in
190 1329 313 1406 publicis
327 1328 422 1388 causis
446 1327 629 1404 probabatur,
643 1338 739 1386 tamen
766 1328 795 1386 in
815 1329 935 1406 privatis

96 1409 325 1469 aaaillustriorem
349 1409 497 1470 obtinebat
517 1408 622 1467 locum.
664 1407 809 1468 LXVIII.
831 1412 866 1470 C.
887 1412 936 1470 de·

145 1490 212 1549 inde
234 1491 301 1549 Piso
322 1490 460 1548 statarius
485 1499 514 1546 et
536 1489 675 1547 sermonis
698 1488 800 1565 plenus
827 1505 933 1565 orator,

145 1571 263 1629 minime
285 1570 332 1629 ille
353 1570 469 1646 quidem
493 1570 592 1627 tardus
616 1569 646 1627 in
671 1570 872 1646 excogitando,
889 1589 934 1630 aa·

145 1663 306 1709 rumtameu
337 1650 414 1707 vultu
449 1661 478 1708 et
505 1650 686 1708 simulatione
722 1650 811 1709 multo
845 1651 934 1710 etiam

146 1731 266 1800 acutior,
280 1749 365 1806 quam
380 1741 451 1801 erat,
466 1729 624 1788 videbatur.
666 1729 743 1788 Nam
762 1731 825 1807 ejus
841 1751 935 1808 aequa·

145 1809 202 1869 lem
217 1809 268 1867 Μ’.
283 1810 468 1868 Glabrionem
482 1810 556 1867 bene
582 1810 742 1869 institutum
758 1812 803 1868 avi
818 1812 936 1872 Scaevo-

145 1890 180 1950 lae
196 1890 346 1967 diligentia
367 1908 464 1947 socors
488 1889 576 1965 ipsius
599 1900 702 1949 natura
726 1891 935 1970 negligensque

145 1971 314 2029 tardaverat.
357 1969 453 2028 Etiam
468 1969 501 2028 L.
517 1971 681 2045 Torquatus
705 1971 823 2048 elegans
847 1973 880 2030 in
892 1974 936 2032 di·

145 2050 249 2117 cando,
273 2049 303 2107 in
325 2049 515 2108 existimando
539 2051 691 2108 admodum
716 2052 852 2127 prudens,
873 2064 936 2113 toto

145 2149 250 2209 genere
272 2131 457 2206 perurbanus.
509 2129 595 2189 Meus
619 2142 714 2190 autem
734 2132 851 2208 aequalis
874 2137 933 2194 Cn.

145 2211 308 2288 Pompeius,
324 2211 365 2268 vir
380 2211 415 2268 ad
435 2211 532 2270 omnia
553 2230 665 2269 summa
686 2223 780 2283 uatus,
795 2213 934 2290 majorem

145 2291 261 2351 dicendi
294 2290 414 2368 gloriam
441 2291 598 2359 habuisset,
626 2292 682 2349 nisi
715 2311 781 2350 eum
816 2295 935 2371 majoris

144 2372 242 2451 gloriae
256 2371 397 2447 cupiditas
412 2372 448 2428 ad
471 2371 589 2430 bellicas
612 2371 712 2430 laudes
738 2373 932 2437 abstraxisset.

145 2453 216 2512 Erat
228 2453 355 2520 oratione
370 2451 439 2509 satis
461 2453 584 2529 amplus,
600 2470 659 2509 rem
684 2453 839 2528 prudenter
855 2456 935 2515 ride·

145 2533 212 2593 bat:
232 2532 313 2591 actio
326 2552 391 2590 vero
404 2532 465 2608 ejus
480 2533 603 2592 babebat
622 2543 651 2590 et
665 2532 695 2589 iu
710 2551 778 2592 voce
794 2554 933 2613 magnum

145 2613 323 2688 splendorem
350 2623 379 2670 et
405 2612 435 2670 iu
469 2624 546 2671 motu
581 2631 722 2670 summam
750 2615 932 2692 dignitatem.

95 2711 135 2753 aro
145 2692 251 2752 Noster
273 2695 340 2751 item
366 2692 482 2768 aqualis
505 2693 541 2751 D.
565 2692 690 2760 Silanus,
711 2694 829 2754 vitricus
853 2709 933 2767 tuus,

146 2773 232 2832 studii
247 2774 294 2832 ille
307 2773 421 2849 quidem
437 2773 538 2839 habuit
559 2793 615 2832 nou
641 2773 762 2833 multum
786 2777 836 2834 sed
864 2797 934 2836 acu·

146 2853 232 2911 minis
253 2865 282 2910 et
302 2853 444 2913 orationis·
460 2854 537 2912 satis.
577 2854 618 2914 Q.
644 2853 807 2933 Pompeius,
831 2858 867 2917 A.
884 2857 932 2931 F„

145 2933 194 3010 qui
221 2933 392 3010 Bithynicus
408 2933 512 2992 'dictus
539 2943 591 3005 est,
621 2933 737 2994 biennio
763 2956 849 3013 quam
877 2957 932 2997 nos

146 3015 265 3074 fortasse
279 3014 378 3090 major,
392 3034 503 3075 summo
525 3014 620 3074 studio
640 3015 756 3075 dicendi
782 3018 931 3094 multaque
