1986 3450
198 225 245 274 DE
267 224 392 274 CLARIS
415 217 768 283 ORATOR113US,crr.4.
855 225 876 283 5

96 368 186 427 istum
201 370 303 448 ipsum,
323 371 449 447 inquam,
472 372 570 439 Brute,
592 369 658 428 dico
680 369 781 428 librum
805 368 876 428 mihi

92 450 179 508 saluti
194 450 289 510 fuisse.
331 450 384 511 lv.
406 451 483 508 Turn
509 451 635 522 Atticus,
657 449 876 527 Optatissimum

94 529 166 587 mihi
179 531 294 607 quidem
309 543 361 606 est,
384 531 457 606 quod
480 530 572 589 dicis:
594 532 643 589 sed
669 531 737 606 quid
759 530 874 591 tandem

94 609 195 670 habuit
208 611 280 670 liber
294 611 357 683 iste,
371 612 445 687 quod
460 611 512 668 tibi
533 622 582 669 aut
602 631 706 679 novum
729 619 778 667 aut
797 620 876 670 tauto

92 689 160 748 usui
181 700 277 767 posset
298 693 379 750 esset
420 691 473 750 Ille
497 711 563 750 vero
585 701 614 749 et
637 711 721 765 nova,
749 690 913 765 inquam,1s

92 770 165 828 mihi
186 772 301 847 quidem
322 773 410 831 multa
423 783 452 830 et
473 791 536 830 eam
552 771 713 844 utilitatem,
727 789 813 847 quam
834 789 877 829 ro·

91 847 252 928 quirebam,
268 862 297 909 ut
310 853 459 930 explicatis
473 852 621 911 ordinibus
645 863 805 929 temporum
819 869 877 911 uno

90 930 124 989 in
139 941 292 1008 conspectu
306 934 403 992 omnia
417 932 560 990 viderem:
582 951 645 1008 quae
659 952 725 990 cum
745 931 876 993 studiose

90 1019 217 1069 tractare
231 1013 392 1090 coepissem,
407 1013 469 1090 ipsa
483 1013 553 1071 mihi
573 1013 706 1071 tractatio
727 1012 874 1071 literarum

89 1090 223 1150 salutaris
237 1093 289 1151 fuit
304 1093 516 1170 admonuitque,
531 1092 680 1169 Pomponi,
695 1104 726 1152 ut
741 1111 758 1150 a
770 1102 799 1151 te
813 1092 875 1170 ipso

90 1189 233 1230 sumerem
249 1173 354 1249 aliquid
369 1175 405 1232 ad
420 1194 465 1232 me
480 1173 669 1232 reficiendum
685 1183 768 1250 teque
782 1192 876 1231 remu·

90 1253 260 1322 nerandum,
275 1255 299 1312 si
315 1273 372 1313 non
386 1255 448 1331 pari
469 1267 498 1312 at
517 1263 600 1332 grato
619 1264 714 1312 tamen
737 1271 874 1311 munere:

87 1351 261 1409 quamquam
289 1334 357 1392 illud
380 1334 552 1394 Hesiodium
579 1334 748 1392 laudatura
771 1331 874 1405 doctis,

89 1413 164 1489 quod
178 1415 280 1472 eadem
294 1434 429 1473 mensura
442 1415 562 1473 reddere
580 1413 672 1489 jubet,
686 1431 742 1487 qua
757 1431 876 1489 accepe-

89 1492 138 1564 ris,
155 1504 203 1551 aut
213 1494 300 1552 etiam
315 1494 550 1566 cumulatiore,'
529 1513 552 1550 sr
560 1512 660 1568 possis.
701 1490 765 1568 Ego
780 1501 874 1550 autem
887 1506 911 1546 rs

89 1573 265 1643 voluntatem
287 1573 339 1631 tibi
359 1574 485 1651 profecto
499 1573 627 1642 emetiar,
644 1572 694 1631 sed
708 1591 769 1630 rem
784 1572 875 1649 ipsam

88 1652 218 1715 nondum
240 1673 323 1729 posse
342 1654 457 1724 videor3
479 1654 564 1728 idque
586 1663 618 1711 ut
638 1653 781 1731 ignoscas,
805 1672 822 1712 u
846 1663 875 1712 te

86 1742 164 1810 peto.
206 1731 272 1791 Nec
293 1733 370 1791 enirn
392 1754 428 1792 ex
451 1734 541 1805 noris,
562 1744 593 1790 ut
614 1733 745 1812 agricolae
767 1734 873 1807 solent,

50 1856 53 1860 -
87 1812 230 1871 fructibus
254 1824 306 1883 est,
330 1816 406 1873 unde
426 1814 479 1872 tibi
503 1814 631 1885 reddam,
652 1815 726 1890 quod
752 1814 871 1905 accepi,

87 1891 132 1951 sic
145 1893 237 1951 omnis
247 1857 320 1952 settis
335 1915 478 1972 repressus
492 1906 663 1970 exustusque
672 1894 724 1953 flos
738 1894 784 1952 siti
799 1905 874 1953 veto-

87 1972 128 2032 ris
142 1973 279 2032 ubertatis
293 1976 420 2047 exaruit,
441 1995 497 2034 nec
511 1996 546 2033 ex
559 1975 694 2048 conditis,
709 1974 757 2051 qui
774 1974 873 2052 jacent

87 2053 119 2112 in
138 2054 275 2127 tenebris,
290 2066 319 2112 et
333 2057 369 2114 ad
385 2076 456 2131 quos
476 2055 570 2114 omnis
590 2055 673 2114 nobis
698 2054 802 2126 aditus,
824 2055 872 2131 qui

86 2153 170 2211 paene
183 2135 251 2193 solis
263 2136 365 2211 patuit,
379 2138 542 2194 obstructus
556 2145 607 2194 est.
637 2135 772 2192 Seremus
786 2133 873 2212 igitur

88 2213 195 2289 aliquid
221 2226 366 2291 tamquam
390 2216 420 2273 in
441 2216 550 2275 inculto
573 2225 602 2273 et
628 2215 767 2274 derelicto
792 2215 871 2285 solo;

86 2293 162 2384 quod
202 2295 242 2354 ita
278 2296 430 2374 diligenter
471 2297 608 2367 colemus,
646 2305 677 2354 ut
719 2294 872 2384 impendiis

87 2373 174 2432 etiam
190 2394 295 2454 augere
316 2377 457 2467 possimus
478 2376 639 2454 largitatem
660 2375 702 2434 tui
722 2373 870 2442 muneris3

86 2454 174 2512 modo
194 2456 270 2514 idem
291 2469 389 2516 noster
410 2457 523 2514 animus
542 2457 656 2514 efficere
676 2454 774 2532 possit,
796 2416 871 2527 quod

87 2552 167 2612 ager,
188 2536 245 2610 qui,
260 2556 327 2597 oum
350 2538 454 2596 multos
475 2557 565 2596 annos
587 2535 703 2612 quievit,
725 2532 870 2593 uberiores

85 2614 190 2676 efferre
223 2616 318 2696 fruges
351 2619 431 2676 solet
472 2617 551 2676 Tum
572 2616 630 2689 ille,
658 2616 730 2704 Ego
748 2632 814 2672 vero
841 2627 906 2674 etrr

84 2695 260 2770 exspectabo
272 2717 316 2771 aa,
331 2719 393 2775 quae
408 2697 559 2777 polliceris,
580 2716 673 2773 neque
686 2693 800 2772 exigam
813 2694 870 2755 nisi

85 2789 138 2838 tuo
152 2776 310 2850 commodo,
324 2791 353 2838 et
367 2788 451 2838 erunt
465 2778 534 2838 mihi
549 2790 691 2855 pergrata,
706 2795 730 2832 sr
722 2774 868 2836 solveris.

86 2855 292 2933 minimoque,
302 2858 391 2936 inquit
405 2860 519 2931 Brutus,
531 2856 586 2949 [et]
600 2857 870 2933 exspectandasunt

85 2958 132 3011 ea,
146 2954 210 3011 quae
225 2938 325 2996 Attico
343 2939 496 3017 polliceris,
518 2938 572 2998 etsi
596 2937 714 2995 sortasse
735 2956 803 3028 ego
808 2946 868 2995 ato

86 3017 173 3112 buprs
186 3019 362 3078 voluntarius
385 3029 549 3098 procurator
570 3015 676 3096 petam,
697 3015 803 3095 quod
795 3033 867 3092 ipse,

86 3099 137 3161 cui
160 3096 259 3176 debes,
281 3099 361 3218 [se]
366 3100 550 3164 incommodo
575 3107 751 3160 exacturum
772 3103 878 3171 neunt.
