1986 3450
119 226 159 284 20
219 223 266 272 DII
288 219 414 271 CLARIS
439 220 752 278 0RATOR1Bus‚cm=.
771 218 807 270 18.

85 373 203 428 terunt:
222 368 283 446 jum
297 368 441 428 neminem
464 377 619 448 antepones
641 368 755 427 Catoni.
796 366 906 426 Ornari

121 449 277 509 orationem
299 448 394 508 Graeci
421 459 531 524 putant,
554 449 578 506 si
600 449 748 507 verborum
774 449 906 507 immuta-

121 530 245 588 tionibus
266 540 393 599 ntantur,
407 548 478 604 quos
497 529 640 605 appellant
664 537 780 602 τρόπους,
794 539 824 588 et
842 547 907 586 scn-

122 607 275 669 tentiarum
285 609 477 684 orationisque
486 609 592 682 formis,
601 631 663 686 quae
673 615 907 677 vocantopjuaru

122 689 191 749 Non
204 691 263 750 veri
277 691 369 748 simile
383 700 435 761 est,
449 709 534 765 quarn
548 690 584 747 sit
604 691 632 748 in
659 701 777 766 utroque
800 707 912 767 genere

122 782 151 828 ct
165 772 264 828 creber
277 782 307 829 et
320 768 473 829 distinctus
497 769 578 828 Cato,
620 769 738 829 XVIII.
760 768 909 827 Nec-vero

123 850 222 928 ignoro
236 852 362 910 nondum
376 869 439 908 csse
451 850 519 908 satis
532 849 650 927 politum
667 852 744 908 hunc
754 859 907 920 oratorem,

121 940 151 988 et
177 932 360 1007 quaerenrlum
387 950 451 989 esse
478 930 783 1007 aliquid‘*perlectius;
803 929 909 1006 quippe

122 1028 188 1067 cum
214 1011 256 1069 ita
282 1013 318 1069 sit
344 1016 381 1072 ad
406 1021 564 1069 nostrorum
588 1020 747 1088 temporum
769 1011 909 1068 rationem

122 1101 213 1162 vetus,
227 1103 259 1149 ut
271 1093 377 1152 nullius
392 1092 528 1168 scriptum
551 1101 640 1148 exstet
659 1092 778 1168 dignum
792 1089 909 1166 quidem

121 1169 255 1242 lectione,
269 1175 343 1248 quod
357 1175 395 1232 sit
408 1171 560 1247 antiquius.
602 1171 660 1233 Sed
681 1171 787 1248 majore
802 1173 908 1228 honore

123 1250 165 1309 in„
179 1252 312 1322 omnibns
337 1255 444 1313 artibus
467 1270 552 1328 quam
577 1251 685 1324 inhac
712 1271 770 1310 una
790 1249 908 1314 dicendi

86 1344 112 1384 ro
122 1342 250 1390 versatur
265 1334 428 1411 antiquitas.
467 1332 545 1394 Quis
559 1333 636 1390 enim
658 1351 766 1404 eorum,
779 1328 829 1408 qui
844 1331 909 1390 haec

122 1411 234 1472 minora
262 1414 502 1481 animadvertunt,
529 1432 587 1470 nou
614 1412 748 1489 intelligit
774 1410 908 1470 Canachi

122 1492 206 1570 signa
225 1493 363 1570 rigidiora
385 1513 458 1565 osse,
482 1511 567 1569 quam
588 1502 619 1549 ut
640 1492 786 1550 imitentur
807 1491 909 1550 verita-

122 1575 201 1631 teml
241 1574 491 1642 Calam‘idisdura
512 1572 561 1630 illa
586 1572 711 1652 quidem,
731 1573 906 1630 sed-tamen

123 1652 251 1711 molliora
265 1673 349 1731 quam
365 1654 516 1713 Canachi:
537 1653 663 1711 nondum
685 1652 815 1729 Myronis
836 1650 906 1709 satis

124 1733 161 1789 ed
176 1730 321 1798 veritatem
345 1735 479 1806 adducta,
495 1733 554 1809 jam
580 1745 686 1804 tamen,
701 1753 763 1809 quae
777 1752 835 1790 non
857 1732 908 1790 du·

123 1811 197 1870 bites
209 1812 329 1888 pulchra
343 1815 458 1873 dicere:
479 1813 642 1889 pulchriora
661 1814 748 1871 etiarn
768 1811 908 1888 Polycleti

123 1901 153 1949 et
176 1891 235 1968 jam
261 1892 346 1968 plane
366 1894 503 1970 perlecta,
524 1896 558 1950 ut'
581 1893 652 1951 mihi
676 1893 790 1970 quidem
816 1891 908 1950 videri

124 1970 227 2047 solent.x
265 1973 373 2031 Similis
399 1974 429 2032 in
456 1973 568 2050 pictura
600 1973 672 2031 ratio
698 1984 759 2031 cst:
790 1971 820 2029 in
847 1991 907 2048 qua

123 2049 248 2115 Zeuxim
263 2063 291 2111 et
307 2054 498 2132 'Polygnotum
522 2063 551 2112 et
574 2054 741 2113 Timantem
755 2063 907 2125 eteorum,

122 2130 172 2207 qui
195 2152 252 2191 non
272 2144 338 2192 sunt
358 2136 402 2193 usi
421 2134 485 2212 plus
505 2153 590 2210 quam
613 2144 733 2211 quatuor
753 2132 907 2205 coloribus,

123 2211 227 2270 formas
241 2225 269 2272 et
288 2214 461 2273 lineamenta
479 2215 648 2285 laudamus;
670 2224 699 2272 at
712 2215 743 2273 in
763 2212 906 2284 Echione,

123 2290 312 2368 Nicomacho,
326 2297 495 2373 Protogene,
510 2295 611 2372 Apelle
619 2336 621 2341 «
624 2295 683 2371 jam
697 2293 825 2371 perfecta
838 2302 905 2350 sunt

87 2386 112 2425 ⁷1
123 2374 227 2433 omnia.
270 2376 421 2434 Et-nescio
435 2394 471 2434 an
486 2375 602 2451 reliquis
624 2376 654 2432 in
674 2375 759 2433 rebus
772 2372 906 2433 omnibus

124 2453 200 2513 idem
214 2456 343 2514 eveniat:
363 2456 435 2514 nihil
448 2466 491 2514 est
503 2455 581 2514 enim
603 2454 686 2512 simul
706 2466 737 2513 et
756 2455 905 2512 inventum

123 2544 153 2592 et
177 2536 352 2611 perlectum:
374 2555 429 2595 nec
448 2535 573 2595 dubitari
596 2535 692 2606 debet,
711 2535 780 2611 quin
800 2533 906 2592 fuerint

124 2623 191 2672 ante
205 2615 362 2676 Homerum
382 2620 495 2693 poetae3
516 2615 591 2693 quod
610 2632 646 2674 ex
665 2616 708 2674 cis
728 2613 904 2674 carminibus

106 2730 108 2735 ,
123 2692 244 2772 intelligi
257 2707 358 2774 potest,
371 2716 433 2774 quae
449 2697 522 2774 apud
547 2693 626 2754 illum
650 2705 679 2754 ct
699 2696 728 2754 in
743 2696 900 2755 Phaeacurn

123 2781 153 2831 et
166 2773 196 2831 in
216 2795 362 2850 procorum
383 2777 476 2854 epulis
499 2788 649 2836 canuntur.
689 2777 791 2840 Quidl
812 2773 902 2835 nostri

123 2863 234 2913 veteres
247 2875 344 2917 tersus
357 2857 504 2925 ubisuntl

249 2984 308 3032 quos
319 2972 376 3020 olim
387 2967 467 3020 Fauni
477 2976 595 3033 vatesque
607 2973 735 3030 canebant,

155 3032 220 3080 cnm
231 3047 313 3096 neque
324 3036 456 3085 Musarum
465 3036 575 3098 scopulos
586 3039 715 3102 quisquam
726 3039 860 3100 superarat,

143 3096 475 3212 utrumne
482 3133 551 3150 ·····
