1986 3450
165 216 212 266 ou
234 210 361 267 cannis
382 215 613 275 oauroamus,
630 216 699 265 cu.
716 215 755 265 ss.
806 216 846 276 ³7

63 360 135 421 loeis
150 363 261 422 multis:
283 365 319 421 de
334 381 439 434 amore,
454 362 490 420 de
511 362 668 432 tormentis,
683 361 719 419 de
733 379 845 420 rumore

63 443 120 501 loei
154 463 223 502 sane
248 444 368 513 inanes3
390 453 584 501 verumtamen
612 442 738 500 nondum
772 443 845 500 tritis

63 525 383 582 nostrorumhominum
399 524 513 582 auribus
529 544 583 582 nec
604 523 717 581 erudita
731 523 845 580 civitate

63 605 235 663 tolerabiles.
291 605 411 680 Scripsit
444 605 530 661 etiam
559 604 615 661 alia
646 602 792 668 nonnulla,
817 612 845 660 et

63 686 153 742 multa
167 686 239 742 dixit
252 695 280 741 et
295 684 422 755 illustria,
437 695 465 741 et
480 685 507 741 in
530 703 649 742 numero
663 696 845 760 patronorum

63 764 173 836 suit,*ut
187 783 253 822 eum
277 765 370 835 mirer,
386 784 452 823 eum
475 775 503 822 et
517 765 574 822 vita
598 763 845 840 suppeditavisset,

62 855 91 902 et
107 845 277 920 splendor
252 864 279 902 er
293 865 348 903 non
364 812 510 915 defuisset,
523 845 666 902 consulem
679 864 735 902 non
748 843 844 902 fuisse.

62 924 215 984 XXXIII.
239 927 295 982 Sed
309 945 379 984 eeee
394 927 422 984 in
439 891 569 982 manibus
594 926 634 982 vir
659 937 687 982 et
711 936 844 1002 praestan
833 936 894 978 -125

62 1005 174 1066 tissimo
198 1006 313 1082 ingenio
337 1016 365 1063 et
390 1006 522 1082 flagranti
545 999 638 1063 studio
663 1017 691 1064 et
712 1007 844 1064 doetuse

62 1104 161 1163 puero,
187 1088 218 1145 C
235 1088 395 1146 Gracchus.
437 1078 505 1143 Noli
530 1087 605 1143 enim
626 1095 726 1162 putare
747 1105 844 1161 quem·

62 1184 158 1241 quam,
174 1167 270 1239 Brute,
285 1167 441 1242 pleniorem
464 1176 493 1223 et
508 1166 665 1224 uberiorem
688 1166 735 1222 ad
746 1167 844 1223 dicen·

63 1245 131 1302 dum
144 1246 237 1306 luisse.
273 1247 311 1304 Et
322 1247 379 1315 ille,
393 1247 442 1303 Sic
453 1246 575 1322 prorsus
586 1245 686 1321 iuquit,
697 1247 843 1315 existim03

63 1336 147 1400 etque
172 1328 255 1385 istum
281 1327 316 1384 de
339 1327 530 1402 superioribus
553 1341 634 1401 paene
656 1325 745 1383 solum
769 1325 842 1403 lego.

63 1404 157 1464 Immo
192 1408 286 1484 plane,
321 1407 446 1496 inquam,
481 1406 579 1475 Brute,
613 1404 715 1495 legas
729 1425 842 1464 censeo.

62 1485 208 1544 Damnum
223 1488 301 1544 enirn
315 1486 390 1543 illius
414 1486 564 1542 immaturo
587 1484 703 1543 interitu
727 1505 772 1554 res
786 1476 845 1544 Ro·

62 1585 156 1627 manae
171 1569 337 1641 Latiuaeque
362 1566 449 1622 literae
472 1566 609 1623 lecerunt.
651 1547 766 1623 Utinam
788 1581 893 1623 nonme

61 1655 121 1703 tam
137 1647 214 1703 fratri
239 1646 373 1721 pietatem
388 1665 470 1720 quam
493 1647 591 1737 patriae
611 1656 744 1738 praestare
769 1646 844 1705 volu·

61 1726 150 1784 isset!
184 1726 282 1787 Quam
306 1725 351 1782 ille
375 1726 457 1783 facile
471 1727 556 1784 tali
550 1728 676 1804 ingenio,
691 1726 855 1786 diutius
818 1746 843 1786 sr

18 1810 22 1815 ’
60 1806 188 1877 vixisset,
199 1807 246 1864 vel
267 1818 414 1883 paternam
438 1818 513 1864 esset
533 1807 574 1863 vel
599 1808 705 1893 avitam
723 1809 843 1886 glutiam

61 1853 253 1944 eorrseeritusl
289 1887 460 1978 Eloquentia
480 1887 595 1964 quidem
615 1885 713 1946 neseio
741 1908 777 1946 an
794 1891 843 1947 ha·

62 1967 170 2025 buisset
193 1986 288 2044 parem
313 1969 467 2025 neminem.
517 1968 643 2026 Grandis
670 1979 712 2026 est
738 1970 841 2051 verbis,

61 2047 176 2122 sepiens
203 2048 361 2118 sententiis,
389 2067 494 2125 genere
521 2059 580 2121 toto
607 2049 718 2125 gravis:
740 2068 843 2108 manus

61 2137 188 2186 extrema
216 2148 271 2185 non
300 2128 422 2186 accessit
448 2115 581 2204 operibus
607 2127 684 2204 ejus:
706 2131 843 2206 praeclare

62 2207 197 2266 inchoata
212 2208 300 2265 multa
303 2208 449 2284 ,perlecta
465 2228 521 2266 non
540 2208 652 2303 ρΙΗᾳηθ.
676 2209 841 2288 Legendus‚

61 2287 187 2363 inquam,
202 2301 244 2346 est
259 2289 307 2346 hie
321 2299 424 2380 orator,
440 2288 574 2359 Brute,
553 2308 575 2345 si
597 2289 743 2369 quisquam
760 2291 842 2360 alius,

58 2367 208 2460 juventuti.
250 2368 317 2426 Non
339 2369 415 2426 enirn
441 2369 532 2427 solum
556 2388 659 2427 acuere
684 2363 842 2428 sedetiam

61 2447 159 2506 alere
153 2449 299 2526 ingenium
315 2459 413 2540 potest.

101 2529 180 2585 Huie
206 2530 345 2587 suecessit
369 2529 445 2590 aetati
470 2529 504 2603 (l.
527 2529 629 2600 Galba,
653 2529 745 2588 Servii
768 2527 892 2588 illiusrer

58 2609 286 2684 eloquentissimi
300 2610 351 2667 viri
374 2610 459 2678 filius,
474 2611 505 2669 P.
521 2611 619 2670 Crassi
643 2609 802 2685 eloquentis
815 2621 844 2668 et

55 2689 131 2767 juris
145 2688 227 2763 periti
241 2709 336 2765 gener.
378 2691 550 2750 Laudabant
573 2693 651 2749 hune
675 2700 769 2765 patres
794 2709 842 2750 no·

57 2768 120 2837 stri,
133 2767 265 2826 favebant
278 2771 362 2828 etiam
377 2786 490 2848 propter
504 2772 591 2848 patris
605 2769 780 2843 memoriam,
791 2773 842 2830 sed

58 2849 188 2908 eeeidit
182 2868 210 2907 rn
230 2867 323 2909 cursu.
366 2851 443 2910 Nam
465 2853 611 2929 rogatione
637 2849 768 2910 Mamilia
792 2852 843 2910 Ju-

58 2930 201 3008 gurthinas
213 2928 416 3005 conjurationis
432 2933 547 3002 invidia,
561 2949 626 2989 eum
642 2950 691 3007 pro
705 2952 767 2991 sese
782 2933 842 3008 ipse

57 3010 186 3078 dixisset,
208 3029 359 3086 oppressus
384 3023 435 3072 est.
478 3013 579 3071 Exstat
606 3010 667 3088 ejus
692 3012 841 3100 peroratio,

57 3091 107 3167 qui
121 3092 248 3170 epilogus
270 3090 385 3164 dieitur,
398 3094 447 3170 qui
472 3103 551 3151 tanto
574 3091 603 3149 in
630 3093 852 3167 honorepuerxs
