1986 3450
133 227 175 288 90
243 225 290 274 DE
312 224 438 274 CLARIS
461 222 689 281 eustosinus,
705 223 776 272 css.
792 226 833 274 88.

136 371 219 442 stris3
242 392 259 430 a
280 371 463 430 multitudine
488 381 583 428 autern
605 379 635 429 et
654 388 676 429 a
697 370 767 448 loro,
790 370 840 430 eui
855 384 927 434 nata

135 451 297 530 eloquentia
310 464 363 523 est,
378 451 573 510 devorabatur.

86 544 126 586 aar
176 533 254 592 Tum
270 533 384 602 Brutus,
394 533 524 589 Atticum
539 552 579 600 se,
591 531 692 608 inquit,
704 531 812 590 Calvus
825 545 928 593 noster

136 613 197 672 diei
217 621 356 673 oratorem
380 612 499 671 volebat.
542 611 615 670 lnde
637 623 697 670 erat
724 612 779 670 ista
798 614 926 687 exilitas,

136 713 222 772 quam
237 695 285 755 ille
297 694 333 751 de
348 692 487 750 industria
509 693 743 768 consequebatur.
786 691 926 766 Dicebat,

137 774 264 852 iuquam,
279 774 334 832 ita:
357 772 449 830 sedet
468 773 529 850 ipse
547 773 671 844 errabat,
685 785 714 831 et
737 772 807 830 alios
832 775 923 833 etiam

136 873 232 913 errare
246 853 375 930 cogebat.
412 852 490 912 Nam
505 854 529 910 si
542 854 605 929 quis
617 852 678 924 e'os,
692 853 741 930 qui
755 872 811 912 nee
826 854 926 932 inepte

136 934 237 992 diount
261 952 317 992 neo
338 932 434 992 odiose
458 953 513 996 neo
533 933 642 1011 putide,
658 934 756 991 Attice
777 936 866 1010 putat
882 930 925 993 di·

135 1032 213 1084 oere,
228 1013 251 1070 is
265 1023 342 1073 reete
358 1013 412 1071 nisi
427 1015 557 1074 Atticum
572 1014 670 1091 probat
684 1013 838 1072 neminem.
875 1013 925 1074 In·

136 1093 294 1154 sulsitatem
320 1093 448 1152 enimet
472 1094 651 1152 insolentiam
677 1102 821 1170 tamquam
847 1095 923 1154 insa·

136 1173 214 1232 niam
229 1175 373 1251 quandam
395 1174 532 1233 orationis
548 1175 627 1232 odit:
649 1174 801 1240 sanitatem
824 1187 921 1234 autem

135 1268 165 1313 et
178 1254 370 1333 integritatem
385 1256 467 1333 quasi
488 1255 655 1331 religionem
674 1264 703 1312 et
717 1257 922 1315 verecundiam

135 1337 256 1394 oratoria
269 1337 380 1414 probat.
423 1337 496 1396 Haeo
517 1335 643 1393 omniurn
669 1334 754 1392 debet
776 1344 921 1395 oratoru'm

85 1417 236 1474 aseadem
252 1436 316 1474 esse
330 1417 481 1475 sententia.
523 1417 574 1473 Sin
590 1426 684 1472 autem
698 1414 880 1490 jejunitatem
895 1429 923 1476 et

136 1495 297 1555 siceitatem
310 1509 340 1554 et
359 1497 493 1574 inopiam,
508 1495 662 1555 dummodo
683 1495 727 1552 sit·
740 1495 837 1571 polita,
853 1497 922 1555 drnn

137 1578 257 1649 urbana,
282 1578 349 1634 dur'n
374 1577 501 1657 elegans,
524 1576 552 1634 in
576 1575 674 1633 Attico
699 1595 806 1652 genere
831 1579 922 1653 pouit,

137 1657 193 1715 hoo
205 1668 284 1715 reete
299 1658 453 1717 duntaxat:
475 1657 525 1714 sed
539 1657 606 1733 quia
620 1667 685 1727 sunt
699 1656 728 1712 in
743 1657 852 1715 Atticis
868 1658 923 1716 alia

137 1736 265 1804 meliora,
281 1737 385 1808 rideat,
401 1757 437 1794 ne
453 1738 564 1815 ignoret
587 1744 617 1794 et
631 1736 742 1814 gradus
756 1749 785 1794 et
800 1737 922 1797 dissimi-

136 1814 272 1874 litudines
285 1829 314 1874 et
328 1817 384 1874 vim
405 1828 434 1875 et
448 1818 611 1893 varietatem
634 1816 804 1875 Atticorum.
848 1819 923 1877 Atti·

137 1914 200 1967 eos,
216 1897 317 1971 inquit,
338 1897 401 1954 volo
423 1897 535 1954 imitari.
576 1896 680 1958 Quost
701 1914 756 1954 nee
776 1896 856 1955 enim
879 1910 922 1957 est

136 1994 226 2034 unum
240 1995 340 2053 genus.
382 1975 459 2034 Nam
473 1977 541 2053 quid
555 1987 598 2034 est
611 1989 669 2034 tarn
684 1977 821 2035 dissimile
835 1997 922 2054 quarn

137 2053 347 2114 Demosthenes
361 2068 389 2114 et
410 2057 531 2134 Lysias?
551 2076 635 2133 quarn
662 2057 747 2114 iidem
773 2068 802 2115 et
825 2057 921 2136 Hype-

136 2135 231 2195 ridesl
254 2155 339 2212 quarn
353 2138 480 2196 omnium
503 2138 602 2195 horum
617 2138 793 2199 AEsohinesl
819 2136 920 2200 Quem

137 2215 225 2294 igitur
241 2216 382 2275 i-mitarisl
422 2220 456 2277 Si
478 2219 610 2295 aliquem,
626 2218 715 2277 ceteri
736 2237 806 2298 ergo
820 2218 921 2279 Attice

134 2315 196 2356 uon
220 2297 363 2358 dicebant.
406 2299 569 2368 Si¹omnes,
590 2299 638 2374 qui
659 2308 749 2376 potes,
772 2301 922 2359 oum·sint

138 2378 193 2457 ipsi
217 2378 398 2436 dissimillimi
420 2379 493 2437 inter
514 2380 567 2437 sel
607 2380 642 2437 in
664 2379 826 2454 quostiam
850 2378 921 2439 illud

137 2479 242 2536 quero,
258 2458 413 2516 Phalereus
435 2458 482 2517 ille
504 2459 668 2521 Demetrius
684 2459 821 2516 Atticene
843 2459 922 2519 dixe-

138 2539 196 2597 ritl
238 2538 313 2597 Mihi
326 2539 440 2614 quidem
455 2559 491 2597 ex
506 2540 581 2598 illius
601 2539 778 2598 orationibus
792 2539 921 2599 redolere

138 2617 205 2694 ipsas
221 2621 343 2678 Atheuae
366 2619 504 2678 videntur.
538 2619 586 2678 ἱΑῐ
609 2632 652 2678 est
676 2619 810 2691 floridior,
824 2630 857 2677 ut
883 2621 923 2679 ita

138 2697 245 2769 dicam,
259 2719 343 2775 quam
359 2700 529 2776 Hyperides,
543 2716 629 2776 quam
653 2700 763 2775 Lysias.
805 2698 922 2761 Natura

138 2777 267 2854 quaedam
280 2790 328 2838 aut
339 2782 466 2841 voluntas
477 2780 516 2838 ita
527 2780 641 2837 dioendi
653 2780 714 2837 suit.
742 2780 921 2841 LXXXIII.

88 2871 128 2914 aet
140 2857 178 2917 Et
191 2857 305 2933 quidem
321 2862 386 2920 duo¹
401 2861 514 2918 suerunt
535 2880 584 2937 per
607 2859 683 2918 idem
704 2872 815 2938 tempus
838 2861 923 2921 dissi·

139 2937 222 2997 miles
236 2937 308 2997 inter
322 2961 363 3014 se,
377 2942 428 3001 sed
443 2939 535 2999 Attioi
548 2951 643 2998 tamen
657 2963 663 3000 ε
684 2960 804 3017 quorum
818 2942 925 3001 Chari-

139 3020 199 3078 sius
220 3018 371 3080 multarum
396 3022 564 3092 orationum,
585 3040 656 3097 quas
680 3021 824 3080 scribebat
846 3023 924 3092 aliis,

140 3118 207 3159 eum
234 3118 340 3179 cupere
366 3103 509 3165 videretur
530 3101 635 3185 imitari
656 3101 792 3180 Lysiam3
814 3103 924 3164 Demo·
