<?xml version="1.0" encoding="UTF-8"?>
<!DOCTYPE html PUBLIC "-//W3C//DTD XHTML 1.0 Transitional//EN"
    "http://www.w3.org/TR/xhtml1/DTD/xhtml1-transitional.dtd">
<html xmlns="http://www.w3.org/1999/xhtml" xml:lang="en" lang="en">
 <head>
  <title>
</title>
<meta http-equiv="Content-Type" content="text/html;charset=utf-8" />
  <meta name='ocr-system' content='tesseract 3.04.00' />
  <meta name='ocr-capabilities' content='ocr_page ocr_carea ocr_par ocr_line ocrx_word'/>
</head>
<body>
  <div class='ocr_page' id='page_1' title='image "./declarisoratori00cicegoog_0055.png"; bbox 0 0 1986 3450; ppageno 0'>
   <div class='ocr_carea' id='block_1_1' title="bbox 32 109 829 180">
    <p class='ocr_par' dir='ltr' id='par_1_1' title="bbox 32 109 829 180">
     <span class='ocr_line' id='line_1_1' title="bbox 32 109 829 180; baseline -0.004 -21"><span class='ocrx_word' id='word_1_1' title='bbox 32 174 35 180; x_wconf 89' lang='lat'>.</span> <span class='ocrx_word' id='word_1_2' title='bbox 128 115 168 173; x_wconf 81' lang='grc'><strong>38</strong></span> <span class='ocrx_word' id='word_1_3' title='bbox 236 111 283 159; x_wconf 87' lang='lat' dir='ltr'><strong>DE</strong></span> <span class='ocrx_word' id='word_1_4' title='bbox 305 111 432 160; x_wconf 87' lang='lat' dir='ltr'>CLARIS</span> <span class='ocrx_word' id='word_1_5' title='bbox 454 109 686 167; x_wconf 83' lang='lat' dir='ltr'><strong>ORATORIBUS,</strong></span> <span class='ocrx_word' id='word_1_6' title='bbox 703 109 772 156; x_wconf 72' lang='lat' dir='ltr'><strong>Car.</strong></span> <span class='ocrx_word' id='word_1_7' title='bbox 790 112 829 156; x_wconf 74' lang='lat' dir='ltr'><strong>sl.</strong></span> 
     </span>
    </p>
   </div>
   <div class='ocr_carea' id='block_1_2' title="bbox 84 253 976 2905">
    <p class='ocr_par' dir='ltr' id='par_1_2' title="bbox 84 253 976 2905">
     <span class='ocr_line' id='line_1_2' title="bbox 129 253 921 329; baseline -0.008 -11"><span class='ocrx_word' id='word_1_8' title='bbox 129 257 212 317; x_wconf 90' lang='lat' dir='ltr'><strong>nobis</strong></span> <span class='ocrx_word' id='word_1_9' title='bbox 226 266 296 328; x_wconf 85' lang='lat' dir='ltr'><strong>erat,</strong></span> <span class='ocrx_word' id='word_1_10' title='bbox 311 267 342 316; x_wconf 92' lang='lat' dir='ltr'><strong>ut</strong></span> <span class='ocrx_word' id='word_1_11' title='bbox 355 276 423 315; x_wconf 89' lang='lat' dir='ltr'><strong>eum</strong></span> <span class='ocrx_word' id='word_1_12' title='bbox 436 256 741 314; x_wconf 66' lang='lat' dir='ltr'><strong>etiamedisoeremus.</strong></span> <span class='ocrx_word' id='word_1_13' title='bbox 783 255 854 326; x_wconf 82' lang='lat' dir='ltr'><strong>Hic,</strong></span> <span class='ocrx_word' id='word_1_14' title='bbox 867 253 921 329; x_wconf 86' lang='lat' dir='ltr'><strong>qui</strong></span> 
     </span>
     <span class='ocr_line' id='line_1_3' title="bbox 131 333 921 414; baseline -0.005 -17"><span class='ocrx_word' id='word_1_15' title='bbox 131 339 161 397; x_wconf 91' lang='lat' dir='ltr'><strong>in</strong></span> <span class='ocrx_word' id='word_1_16' title='bbox 184 337 304 414; x_wconf 88' lang='lat' dir='ltr'><strong>collegio</strong></span> <span class='ocrx_word' id='word_1_17' title='bbox 326 337 507 396; x_wconf 75' lang='lat' dir='ltr'>sacerdotum</span> <span class='ocrx_word' id='word_1_18' title='bbox 529 348 614 404; x_wconf 87' lang='lat' dir='ltr'><strong>esset,</strong></span> <span class='ocrx_word' id='word_1_19' title='bbox 641 337 749 413; x_wconf 91' lang='lat' dir='ltr'><strong>primus</strong></span> <span class='ocrx_word' id='word_1_20' title='bbox 772 347 837 412; x_wconf 86' lang='lat' dir='ltr'><strong>post</strong></span> <span class='ocrx_word' id='word_1_21' title='bbox 857 333 921 393; x_wconf 90' lang='lat' dir='ltr'><strong>Ro-</strong></span> 
     </span>
     <span class='ocr_line' id='line_1_4' title="bbox 132 417 918 494; baseline -0.004 -19"><span class='ocrx_word' id='word_1_22' title='bbox 132 436 207 475; x_wconf 89' lang='lat' dir='ltr'><strong>mam</strong></span> <span class='ocrx_word' id='word_1_23' title='bbox 222 418 367 475; x_wconf 88' lang='lat' dir='ltr'><strong>conditam</strong></span> <span class='ocrx_word' id='word_1_24' title='bbox 379 418 489 494; x_wconf 87' lang='lat' dir='ltr'><strong>judicio</strong></span> <span class='ocrx_word' id='word_1_25' title='bbox 503 417 619 493; x_wconf 89' lang='lat' dir='ltr'><strong>publico</strong></span> <span class='ocrx_word' id='word_1_26' title='bbox 639 428 682 475; x_wconf 92' lang='lat' dir='ltr'><strong>est</strong></span> <span class='ocrx_word' id='word_1_27' title='bbox 697 417 918 475; x_wconf 88' lang='lat' dir='ltr'><strong>condemnatus.</strong></span> 
     </span>
     <span class='ocr_line' id='line_1_5' title="bbox 84 497 922 574; baseline -0.001 -19"><span class='ocrx_word' id='word_1_28' title='bbox 84 515 121 555; x_wconf 77' lang='lat' dir='ltr'><strong>ms</strong></span> <span class='ocrx_word' id='word_1_29' title='bbox 132 498 278 558; x_wconf 81' lang='lat' dir='ltr'><strong>XXXIV.</strong></span> <span class='ocrx_word' id='word_1_30' title='bbox 300 498 331 557; x_wconf 94' lang='lat' dir='ltr'><strong>P.</strong></span> <span class='ocrx_word' id='word_1_31' title='bbox 348 498 457 574; x_wconf 80' lang='lat' dir='ltr'><strong>Scipio,</strong></span> <span class='ocrx_word' id='word_1_32' title='bbox 482 498 529 574; x_wconf 92' lang='lat' dir='ltr'><strong>qui</strong></span> <span class='ocrx_word' id='word_1_33' title='bbox 554 510 597 555; x_wconf 87' lang='lat' dir='ltr'><strong>est</strong></span> <span class='ocrx_word' id='word_1_34' title='bbox 620 498 649 555; x_wconf 91' lang='lat' dir='ltr'><strong>in</strong></span> <span class='ocrx_word' id='word_1_35' title='bbox 671 497 822 563; x_wconf 78' lang='lat' dir='ltr'><strong>consulatu</strong></span> <span class='ocrx_word' id='word_1_36' title='bbox 846 515 922 554; x_wconf 89' lang='lat' dir='ltr'><strong>mor·</strong></span> 
     </span>
     <span class='ocr_line' id='line_1_6' title="bbox 132 577 921 654; baseline -0.006 -16"><span class='ocrx_word' id='word_1_37' title='bbox 132 591 208 653; x_wconf 89' lang='lat' dir='ltr'><strong>tuus,</strong></span> <span class='ocrx_word' id='word_1_38' title='bbox 220 599 280 639; x_wconf 91' lang='lat' dir='ltr'><strong>non</strong></span> <span class='ocrx_word' id='word_1_39' title='bbox 295 579 414 636; x_wconf 89' lang='lat' dir='ltr'><strong>multum</strong></span> <span class='ocrx_word' id='word_1_40' title='bbox 429 579 476 637; x_wconf 90' lang='lat' dir='ltr'><strong>ille</strong></span> <span class='ocrx_word' id='word_1_41' title='bbox 490 578 604 654; x_wconf 90' lang='lat' dir='ltr'><strong>quidem</strong></span> <span class='ocrx_word' id='word_1_42' title='bbox 627 597 683 636; x_wconf 88' lang='lat' dir='ltr'><strong>nec</strong></span> <span class='ocrx_word' id='word_1_43' title='bbox 701 580 776 654; x_wconf 87' lang='lat' dir='ltr'><strong>saepe</strong></span> <span class='ocrx_word' id='word_1_44' title='bbox 791 577 921 649; x_wconf 87' lang='lat' dir='ltr'><strong>dicebat,</strong></span> 
     </span>
     <span class='ocr_line' id='line_1_7' title="bbox 133 658 923 735; baseline -0.004 -17"><span class='ocrx_word' id='word_1_45' title='bbox 133 661 183 718; x_wconf 92' lang='lat' dir='ltr'><strong>sed</strong></span> <span class='ocrx_word' id='word_1_46' title='bbox 198 671 227 717; x_wconf 95' lang='lat' dir='ltr'><strong>et</strong></span> <span class='ocrx_word' id='word_1_47' title='bbox 241 658 343 717; x_wconf 88' lang='lat' dir='ltr'>Latine</span> <span class='ocrx_word' id='word_1_48' title='bbox 358 659 499 734; x_wconf 89' lang='lat' dir='ltr'><strong>loquendo</strong></span> <span class='ocrx_word' id='word_1_49' title='bbox 513 658 603 715; x_wconf 84' lang='lat' dir='ltr'><strong>cuivis</strong></span> <span class='ocrx_word' id='word_1_50' title='bbox 629 669 690 719; x_wconf 88' lang='lat' dir='ltr'><strong>erat</strong></span> <span class='ocrx_word' id='word_1_51' title='bbox 704 679 763 735; x_wconf 93' lang='lat' dir='ltr'><strong>par,</strong></span> <span class='ocrx_word' id='word_1_52' title='bbox 778 669 807 716; x_wconf 92' lang='lat' dir='ltr'><strong>et</strong></span> <span class='ocrx_word' id='word_1_53' title='bbox 819 659 923 716; x_wconf 89' lang='lat' dir='ltr'><strong>omnes</strong></span> 
     </span>
     <span class='ocr_line' id='line_1_8' title="bbox 133 738 924 816; baseline -0.001 -18"><span class='ocrx_word' id='word_1_54' title='bbox 133 741 192 798; x_wconf 87' lang='lat' dir='ltr'><strong>sale</strong></span> <span class='ocrx_word' id='word_1_55' title='bbox 206 739 374 815; x_wconf 80' lang='lat' dir='ltr'>facetiisque</span> <span class='ocrx_word' id='word_1_56' title='bbox 388 740 549 816; x_wconf 89' lang='lat' dir='ltr'><strong>superabat.</strong></span> <span class='ocrx_word' id='word_1_57' title='bbox 564 776 566 781; x_wconf 66' lang='grc'><em>»</em></span> <span class='ocrx_word' id='word_1_58' title='bbox 591 738 662 814; x_wconf 88' lang='lat' dir='ltr'><strong>Ejus</strong></span> <span class='ocrx_word' id='word_1_59' title='bbox 683 740 795 816; x_wconf 78' lang='lat' dir='ltr'><strong>collega</strong></span> <span class='ocrx_word' id='word_1_60' title='bbox 815 738 850 796; x_wconf 90' lang='lat' dir='ltr'><strong>L.</strong></span> <span class='ocrx_word' id='word_1_61' title='bbox 865 739 924 797; x_wconf 79' lang='lat' dir='ltr'><strong>Be·</strong></span> 
     </span>
     <span class='ocr_line' id='line_1_9' title="bbox 132 818 923 891; baseline -0.001 -13"><span class='ocrx_word' id='word_1_62' title='bbox 132 821 188 878; x_wconf 88' lang='lat' dir='ltr'><strong>stia</strong></span> <span class='ocrx_word' id='word_1_63' title='bbox 209 819 291 877; x_wconf 90' lang='lat' dir='ltr'><strong>bouis</strong></span> <span class='ocrx_word' id='word_1_64' title='bbox 318 819 407 877; x_wconf 87' lang='lat' dir='ltr'><strong>initiis</strong></span> <span class='ocrx_word' id='word_1_65' title='bbox 432 839 514 878; x_wconf 89' lang='lat' dir='ltr'><strong>orsus</strong></span> <span class='ocrx_word' id='word_1_66' title='bbox 531 819 705 891; x_wconf 82' lang='lat' dir='ltr'>tribunatus,</span> <span class='ocrx_word' id='word_1_67' title='bbox 720 839 787 877; x_wconf 86' lang='lat' dir='ltr'><strong>nam</strong></span> <span class='ocrx_word' id='word_1_68' title='bbox 811 818 843 876; x_wconf 90' lang='grc' dir='ltr'><strong>Ρ.</strong></span> <span class='ocrx_word' id='word_1_69' title='bbox 858 818 923 879; x_wconf 73' lang='grc' dir='ltr'><strong>ΔΡο-</strong></span> 
     </span>
     <span class='ocr_line' id='line_1_10' title="bbox 131 896 924 978; baseline 0 -20"><span class='ocrx_word' id='word_1_70' title='bbox 131 899 241 978; x_wconf 89' lang='lat' dir='ltr'><strong>pillium</strong></span> <span class='ocrx_word' id='word_1_71' title='bbox 266 900 294 957; x_wconf 90' lang='lat' dir='ltr'><strong>vi</strong></span> <span class='ocrx_word' id='word_1_72' title='bbox 316 900 350 959; x_wconf 84' lang='lat' dir='ltr'><strong>C.</strong></span> <span class='ocrx_word' id='word_1_73' title='bbox 372 900 500 958; x_wconf 85' lang='lat' dir='ltr'><strong>Gracchi</strong></span> <span class='ocrx_word' id='word_1_74' title='bbox 525 899 672 976; x_wconf 80' lang='lat' dir='ltr'><strong>expulsum</strong></span> <span class='ocrx_word' id='word_1_75' title='bbox 690 896 751 958; x_wconf 73' lang='lat' dir='ltr'><strong>&#39;sua</strong></span> <span class='ocrx_word' id='word_1_76' title='bbox 773 899 924 977; x_wconf 88' lang='lat' dir='ltr'><strong>rogatione</strong></span> 
     </span>
     <span class='ocr_line' id='line_1_11' title="bbox 133 979 925 1051; baseline -0.001 -13"><span class='ocrx_word' id='word_1_77' title='bbox 133 980 267 1048; x_wconf 79' lang='lat' dir='ltr'><strong>restituit,</strong></span> <span class='ocrx_word' id='word_1_78' title='bbox 282 980 323 1037; x_wconf 89' lang='lat' dir='ltr'><strong>vir</strong></span> <span class='ocrx_word' id='word_1_79' title='bbox 338 991 366 1038; x_wconf 86' lang='lat' dir='ltr'><strong>et</strong></span> <span class='ocrx_word' id='word_1_80' title='bbox 381 1000 447 1038; x_wconf 89' lang='lat' dir='ltr'><strong>acer</strong></span> <span class='ocrx_word' id='word_1_81' title='bbox 462 991 491 1038; x_wconf 92' lang='lat' dir='ltr'><strong>et</strong></span> <span class='ocrx_word' id='word_1_82' title='bbox 505 999 561 1037; x_wconf 91' lang='lat' dir='ltr'><strong>non</strong></span> <span class='ocrx_word' id='word_1_83' title='bbox 575 979 740 1051; x_wconf 82' lang='lat' dir='ltr'><strong>indisertus,</strong></span> <span class='ocrx_word' id='word_1_84' title='bbox 753 981 849 1039; x_wconf 88' lang='lat' dir='ltr'><strong>tristes</strong></span> <span class='ocrx_word' id='word_1_85' title='bbox 855 979 925 1038; x_wconf 73' lang='lat' dir='ltr'><strong>texi·</strong></span> 
     </span>
     <span class='ocr_line' id='line_1_12' title="bbox 134 1058 926 1137; baseline -0.003 -19"><span class='ocrx_word' id='word_1_86' title='bbox 134 1065 179 1118; x_wconf 81' lang='lat' dir='ltr'><strong>tus</strong></span> <span class='ocrx_word' id='word_1_87' title='bbox 194 1061 294 1118; x_wconf 91' lang='lat' dir='ltr'><strong>habuit</strong></span> <span class='ocrx_word' id='word_1_88' title='bbox 308 1061 481 1118; x_wconf 83' lang='lat' dir='ltr'><strong>consulatus.</strong></span> <span class='ocrx_word' id='word_1_89' title='bbox 525 1060 554 1118; x_wconf 93' lang='lat' dir='ltr'>N</span> <span class='ocrx_word' id='word_1_90' title='bbox 558 1079 603 1118; x_wconf 86' lang='lat' dir='ltr'><strong>arn</strong></span> <span class='ocrx_word' id='word_1_91' title='bbox 624 1060 765 1133; x_wconf 84' lang='lat' dir='ltr'><strong>invidiosa</strong></span> <span class='ocrx_word' id='word_1_92' title='bbox 778 1061 844 1137; x_wconf 80' lang='lat' dir='ltr'><strong>lege&#39;</strong></span> <span class='ocrx_word' id='word_1_93' title='bbox 858 1058 926 1117; x_wconf 84' lang='lat' dir='ltr'><strong>Ma-</strong></span> 
     </span>
     <span class='ocr_line' id='line_1_13' title="bbox 134 1141 925 1217; baseline -0.001 -18"><span class='ocrx_word' id='word_1_94' title='bbox 134 1141 213 1199; x_wconf 82' lang='lat' dir='ltr'><strong>milia</strong></span> <span class='ocrx_word' id='word_1_95' title='bbox 223 1142 378 1217; x_wconf 83' lang='lat' dir='ltr'><strong>quaestione</strong></span> <span class='ocrx_word' id='word_1_96' title='bbox 390 1141 424 1198; x_wconf 84' lang='lat' dir='ltr'><strong>C.</strong></span> <span class='ocrx_word' id='word_1_97' title='bbox 436 1141 558 1198; x_wconf 81' lang='lat' dir='ltr'>Galbam</span> <span class='ocrx_word' id='word_1_98' title='bbox 573 1142 751 1199; x_wconf 84' lang='lat' dir='ltr'><strong>sacerdotem</strong></span> <span class='ocrx_word' id='word_1_99' title='bbox 762 1155 790 1199; x_wconf 87' lang='lat' dir='ltr'><strong>et</strong></span> <span class='ocrx_word' id='word_1_100' title='bbox 801 1151 925 1216; x_wconf 89' lang='lat' dir='ltr'><strong>quatuor</strong></span> 
     </span>
     <span class='ocr_line' id='line_1_14' title="bbox 135 1221 926 1297; baseline -0.004 -17"><span class='ocrx_word' id='word_1_101' title='bbox 135 1222 311 1293; x_wconf 90' lang='lat' dir='ltr'><strong>consulares,</strong></span> <span class='ocrx_word' id='word_1_102' title='bbox 336 1222 369 1279; x_wconf 90' lang='lat' dir='ltr'><strong>L.</strong></span> <span class='ocrx_word' id='word_1_103' title='bbox 385 1222 521 1292; x_wconf 84' lang='lat' dir='ltr'><strong>Bestiam,</strong></span> <span class='ocrx_word' id='word_1_104' title='bbox 544 1223 582 1280; x_wconf 51' lang='lat' dir='ltr'><strong>c,</strong></span> <span class='ocrx_word' id='word_1_105' title='bbox 601 1221 753 1295; x_wconf 87' lang='lat' dir='ltr'><strong>Catonern,</strong></span> <span class='ocrx_word' id='word_1_106' title='bbox 776 1222 825 1297; x_wconf 84' lang='lat' dir='ltr'><strong>Sp.</strong></span> <span class='ocrx_word' id='word_1_107' title='bbox 841 1221 926 1278; x_wconf 88' lang='lat' dir='ltr'><strong>Albi·</strong></span> 
     </span>
     <span class='ocr_line' id='line_1_15' title="bbox 135 1301 925 1379; baseline 0 -19"><span class='ocrx_word' id='word_1_108' title='bbox 135 1322 204 1360; x_wconf 91' lang='lat' dir='ltr'><strong>num</strong></span> <span class='ocrx_word' id='word_1_109' title='bbox 242 1304 390 1379; x_wconf 86' lang='lat' dir='ltr'><strong>civemque</strong></span> <span class='ocrx_word' id='word_1_110' title='bbox 420 1302 685 1379; x_wconf 73' lang='lat' dir='ltr'><strong>praestantissimum</strong></span> <span class='ocrx_word' id='word_1_111' title='bbox 711 1302 743 1361; x_wconf 91' lang='lat' dir='ltr'><strong>L.</strong></span> <span class='ocrx_word' id='word_1_112' title='bbox 773 1301 925 1378; x_wconf 83' lang='lat' dir='ltr'><strong>Opimium</strong></span> 
     </span>
     <span class='ocr_line' id='line_1_16' title="bbox 135 1382 936 1459; baseline -0.001 -19"><span class='ocrx_word' id='word_1_113' title='bbox 135 1382 264 1441; x_wconf 86' lang='lat' dir='ltr'><strong>Gracchi</strong></span> <span class='ocrx_word' id='word_1_114' title='bbox 278 1383 491 1441; x_wconf 82' lang='lat' dir='ltr'><strong>interfectorem</strong></span> <span class='ocrx_word' id='word_1_115' title='bbox 507 1402 529 1441; x_wconf 85' lang='lat' dir='ltr'><strong>a</strong></span> <span class='ocrx_word' id='word_1_116' title='bbox 544 1382 649 1459; x_wconf 90' lang='lat' dir='ltr'><strong>populo</strong></span> <span class='ocrx_word' id='word_1_117' title='bbox 670 1383 840 1453; x_wconf 88' lang='lat' dir='ltr'><strong>absolutum,</strong></span> <span class='ocrx_word' id='word_1_118' title='bbox 855 1400 936 1439; x_wconf 91' lang='lat' dir='ltr'><strong>cum·</strong></span> 
     </span>
     <span class='ocr_line' id='line_1_17' title="bbox 136 1461 928 1540; baseline 0 -19"><span class='ocrx_word' id='word_1_119' title='bbox 136 1463 160 1521; x_wconf 87' lang='lat' dir='ltr'><strong>is</strong></span> <span class='ocrx_word' id='word_1_120' title='bbox 175 1476 276 1522; x_wconf 87' lang='lat' dir='ltr'><strong>contra</strong></span> <span class='ocrx_word' id='word_1_121' title='bbox 290 1465 386 1540; x_wconf 92' lang='lat' dir='ltr'><strong>populi</strong></span> <span class='ocrx_word' id='word_1_122' title='bbox 402 1465 527 1521; x_wconf 89' lang='lat' dir='ltr'><strong>studium</strong></span> <span class='ocrx_word' id='word_1_123' title='bbox 544 1463 678 1534; x_wconf 85' lang='lat' dir='ltr'><strong>stetisset,</strong></span> <span class='ocrx_word' id='word_1_124' title='bbox 693 1462 862 1520; x_wconf 81' lang='lat' dir='ltr'><strong>Gracchani</strong></span> <span class='ocrx_word' id='word_1_125' title='bbox 880 1461 928 1538; x_wconf 92' lang='lat' dir='ltr'><strong>ju·</strong></span> 
     </span>
     <span class='ocr_line' id='line_1_18' title="bbox 87 1543 928 1619; baseline 0.002 -21"><span class='ocrx_word' id='word_1_126' title='bbox 87 1558 125 1598; x_wconf 74' lang='lat' dir='ltr'><strong>ras</strong></span> <span class='ocrx_word' id='word_1_127' title='bbox 137 1543 217 1602; x_wconf 87' lang='lat' dir='ltr'><strong>dices</strong></span> <span class='ocrx_word' id='word_1_128' title='bbox 231 1543 415 1602; x_wconf 90' lang='lat' dir='ltr'><strong>sustulerunt.</strong></span> <span class='ocrx_word' id='word_1_129' title='bbox 458 1543 553 1619; x_wconf 89' lang='lat' dir='ltr'><strong>Hujus</strong></span> <span class='ocrx_word' id='word_1_130' title='bbox 568 1544 713 1601; x_wconf 90' lang='lat' dir='ltr'><strong>dissimilis</strong></span> <span class='ocrx_word' id='word_1_131' title='bbox 728 1543 757 1601; x_wconf 94' lang='lat' dir='ltr'><strong>in</strong></span> <span class='ocrx_word' id='word_1_132' title='bbox 776 1543 928 1601; x_wconf 83' lang='lat' dir='ltr'><strong>tribunatu</strong></span> 
     </span>
     <span class='ocr_line' id='line_1_19' title="bbox 137 1622 925 1700; baseline 0.001 -20"><span class='ocrx_word' id='word_1_133' title='bbox 137 1622 303 1699; x_wconf 87' lang='lat' dir='ltr'><strong>reliquaque</strong></span> <span class='ocrx_word' id='word_1_134' title='bbox 324 1625 401 1681; x_wconf 90' lang='lat' dir='ltr'><strong>omni</strong></span> <span class='ocrx_word' id='word_1_135' title='bbox 420 1624 478 1681; x_wconf 90' lang='lat' dir='ltr'><strong>vita</strong></span> <span class='ocrx_word' id='word_1_136' title='bbox 492 1623 562 1680; x_wconf 82' lang='lat' dir='ltr'><strong>civis</strong></span> <span class='ocrx_word' id='word_1_137' title='bbox 584 1624 729 1700; x_wconf 88' lang='lat' dir='ltr'><strong>improbus</strong></span> <span class='ocrx_word' id='word_1_138' title='bbox 742 1623 776 1681; x_wconf 87' lang='lat' dir='ltr'><strong>C.</strong></span> <span class='ocrx_word' id='word_1_139' title='bbox 789 1623 925 1681; x_wconf 87' lang='lat' dir='ltr'><strong>Licinius</strong></span> 
     </span>
     <span class='ocr_line' id='line_1_20' title="bbox 137 1700 931 1780; baseline 0.004 -21"><span class='ocrx_word' id='word_1_140' title='bbox 137 1700 238 1760; x_wconf 72' lang='lat' dir='ltr'><strong>Nerra&#39;</strong></span> <span class='ocrx_word' id='word_1_141' title='bbox 249 1722 307 1759; x_wconf 93' lang='lat' dir='ltr'><strong>non</strong></span> <span class='ocrx_word' id='word_1_142' title='bbox 322 1703 475 1761; x_wconf 82' lang='lat' dir='ltr'><strong>indisertus</strong></span> <span class='ocrx_word' id='word_1_143' title='bbox 490 1703 551 1762; x_wconf 86' lang='lat' dir='ltr'><strong>luit.</strong></span> <span class='ocrx_word' id='word_1_144' title='bbox 594 1706 628 1762; x_wconf 86' lang='lat' dir='ltr'><strong>C.</strong></span> <span class='ocrx_word' id='word_1_145' title='bbox 644 1703 773 1762; x_wconf 84' lang='lat' dir='ltr'><strong>Fimbria</strong></span> <span class='ocrx_word' id='word_1_146' title='bbox 792 1703 931 1780; x_wconf 84' lang='lat' dir='ltr'><strong>tempori-</strong></span> 
     </span>
     <span class='ocr_line' id='line_1_21' title="bbox 138 1781 930 1860; baseline 0.001 -20"><span class='ocrx_word' id='word_1_147' title='bbox 138 1783 191 1840; x_wconf 92' lang='lat' dir='ltr'><strong>bus</strong></span> <span class='ocrx_word' id='word_1_148' title='bbox 207 1781 307 1838; x_wconf 91' lang='lat' dir='ltr'><strong>iisdem</strong></span> <span class='ocrx_word' id='word_1_149' title='bbox 322 1782 380 1839; x_wconf 88' lang='lat' dir='ltr'><strong>fere</strong></span> <span class='ocrx_word' id='word_1_150' title='bbox 394 1784 444 1840; x_wconf 90' lang='lat' dir='ltr'><strong>sed</strong></span> <span class='ocrx_word' id='word_1_151' title='bbox 460 1783 573 1858; x_wconf 81' lang='lat' dir='ltr'><strong>longius</strong></span> <span class='ocrx_word' id='word_1_152' title='bbox 587 1794 671 1842; x_wconf 86' lang='lat' dir='ltr'><strong>aetate</strong></span> <span class='ocrx_word' id='word_1_153' title='bbox 683 1793 833 1860; x_wconf 83' lang='lat' dir='ltr'><strong>provectus</strong></span> <span class='ocrx_word' id='word_1_154' title='bbox 846 1784 930 1841; x_wconf 89' lang='lat' dir='ltr'><strong>habi-</strong></span> 
     </span>
     <span class='ocr_line' id='line_1_22' title="bbox 137 1863 929 1942; baseline 0.005 -23"><span class='ocrx_word' id='word_1_155' title='bbox 137 1871 187 1924; x_wconf 86' lang='lat' dir='ltr'><strong>tus</strong></span> <span class='ocrx_word' id='word_1_156' title='bbox 206 1873 249 1919; x_wconf 87' lang='lat' dir='ltr'><strong>est</strong></span> <span class='ocrx_word' id='word_1_157' title='bbox 271 1881 350 1932; x_wconf 90' lang='lat' dir='ltr'><strong>sane,</strong></span> <span class='ocrx_word' id='word_1_158' title='bbox 363 1873 394 1920; x_wconf 94' lang='lat' dir='ltr'><strong>ut</strong></span> <span class='ocrx_word' id='word_1_159' title='bbox 422 1863 462 1920; x_wconf 85' lang='lat' dir='ltr'><strong>ita</strong></span> <span class='ocrx_word' id='word_1_160' title='bbox 489 1863 595 1934; x_wconf 89' lang='lat' dir='ltr'><strong>dicam,</strong></span> <span class='ocrx_word' id='word_1_161' title='bbox 616 1863 809 1936; x_wconf 67' lang='lat' dir='ltr'><strong>luculentus*</strong></span> <span class='ocrx_word' id='word_1_162' title='bbox 832 1883 929 1942; x_wconf 89' lang='lat' dir='ltr'><strong>asper,</strong></span> 
     </span>
     <span class='ocr_line' id='line_1_23' title="bbox 138 1941 955 2021; baseline 0.006 -24"><span class='ocrx_word' id='word_1_163' title='bbox 138 1941 307 2019; x_wconf 82' lang='lat' dir='ltr'><strong>maledicus,</strong></span> <span class='ocrx_word' id='word_1_164' title='bbox 335 1961 441 2019; x_wconf 84' lang='lat' dir='ltr'><strong>genere</strong></span> <span class='ocrx_word' id='word_1_165' title='bbox 467 1953 526 2001; x_wconf 91' lang='lat' dir='ltr'><strong>toto</strong></span> <span class='ocrx_word' id='word_1_166' title='bbox 558 1944 654 2019; x_wconf 84' lang='lat' dir='ltr'><strong>paullo</strong></span> <span class='ocrx_word' id='word_1_167' title='bbox 680 1945 816 2004; x_wconf 85' lang='lat' dir='ltr'><strong>fervidior</strong></span> <span class='ocrx_word' id='word_1_168' title='bbox 840 1955 931 2021; x_wconf 88' lang='lat' dir='ltr'><strong>atque</strong></span> <span class='ocrx_word' id='word_1_169' title='bbox 953 2014 955 2019; x_wconf 69' lang='lat'><strong>,</strong></span> 
     </span>
     <span class='ocr_line' id='line_1_24' title="bbox 138 2022 976 2100; baseline -0.001 -22"><span class='ocrx_word' id='word_1_170' title='bbox 138 2022 325 2091; x_wconf 88' lang='lat' dir='ltr'><strong>commotior;</strong></span> <span class='ocrx_word' id='word_1_171' title='bbox 357 2023 506 2100; x_wconf 85' lang='lat' dir='ltr'><strong>diligentia</strong></span> <span class='ocrx_word' id='word_1_172' title='bbox 532 2034 628 2082; x_wconf 88' lang='lat' dir='ltr'><strong>tamen</strong></span> <span class='ocrx_word' id='word_1_173' title='bbox 654 2036 683 2082; x_wconf 92' lang='lat' dir='ltr'><strong>et</strong></span> <span class='ocrx_word' id='word_1_174' title='bbox 707 2026 810 2084; x_wconf 88' lang='lat' dir='ltr'><strong>virtute</strong></span> <span class='ocrx_word' id='word_1_175' title='bbox 836 2024 929 2083; x_wconf 88' lang='lat' dir='ltr'><strong>animi</strong></span> <span class='ocrx_word' id='word_1_176' title='bbox 974 2066 976 2077; x_wconf 89' lang='lat'><em>.</em></span> 
     </span>
     <span class='ocr_line' id='line_1_25' title="bbox 141 1974 976 2183; baseline 0.005 -24"><span class='ocrx_word' id='word_1_177' title='bbox 141 2112 226 2178; x_wconf 89' lang='lat' dir='ltr'><strong>atque</strong></span> <span class='ocrx_word' id='word_1_178' title='bbox 241 2103 298 2160; x_wconf 84' lang='lat' dir='ltr'><strong>vita</strong></span> <span class='ocrx_word' id='word_1_179' title='bbox 312 2102 403 2161; x_wconf 91' lang='lat' dir='ltr'><strong>bonus</strong></span> <span class='ocrx_word' id='word_1_180' title='bbox 418 2115 516 2162; x_wconf 90' lang='lat' dir='ltr'><strong>auctor</strong></span> <span class='ocrx_word' id='word_1_181' title='bbox 531 2105 561 2162; x_wconf 88' lang='lat' dir='ltr'><strong>in</strong></span> <span class='ocrx_word' id='word_1_182' title='bbox 576 2116 686 2165; x_wconf 92' lang='lat' dir='ltr'><strong>senatu.</strong></span> <span class='ocrx_word' id='word_1_183' title='bbox 729 2105 811 2163; x_wconf 91' lang='lat' dir='ltr'><strong>Idem</strong></span> <span class='ocrx_word' id='word_1_184' title='bbox 824 1974 976 2183; x_wconf 53' lang='lat' dir='ltr'><strong>tolera-fg</strong></span> 
     </span>
     <span class='ocr_line' id='line_1_26' title="bbox 139 2180 964 2263; baseline 0.005 -24"><span class='ocrx_word' id='word_1_185' title='bbox 139 2180 204 2240; x_wconf 88' lang='lat' dir='ltr'><strong>bilis</strong></span> <span class='ocrx_word' id='word_1_186' title='bbox 228 2194 364 2259; x_wconf 85' lang='lat' dir='ltr'><strong>patronus</strong></span> <span class='ocrx_word' id='word_1_187' title='bbox 389 2204 444 2242; x_wconf 90' lang='lat' dir='ltr'><strong>nec</strong></span> <span class='ocrx_word' id='word_1_188' title='bbox 466 2185 599 2243; x_wconf 83' lang='lat' dir='ltr'><strong>rudis&#39;iu</strong></span> <span class='ocrx_word' id='word_1_189' title='bbox 620 2186 684 2263; x_wconf 86' lang='lat' dir='ltr'><strong>jure</strong></span> <span class='ocrx_word' id='word_1_190' title='bbox 706 2186 784 2244; x_wconf 88' lang='lat' dir='ltr'><strong>civili</strong></span> <span class='ocrx_word' id='word_1_191' title='bbox 805 2196 834 2243; x_wconf 91' lang='lat' dir='ltr'><strong>et</strong></span> <span class='ocrx_word' id='word_1_192' title='bbox 857 2204 930 2243; x_wconf 87' lang='lat' dir='ltr'><strong>cum</strong></span> <span class='ocrx_word' id='word_1_193' title='bbox 957 2201 964 2225; x_wconf 71' lang='lat'><em>1</em></span> 
     </span>
     <span class='ocr_line' id='line_1_27' title="bbox 140 2262 931 2344; baseline 0.004 -24"><span class='ocrx_word' id='word_1_194' title='bbox 140 2262 242 2322; x_wconf 85' lang='lat' dir='ltr'><strong>virtute</strong></span> <span class='ocrx_word' id='word_1_195' title='bbox 261 2274 321 2321; x_wconf 85' lang='lat' dir='ltr'><strong>turn</strong></span> <span class='ocrx_word' id='word_1_196' title='bbox 346 2264 433 2322; x_wconf 91' lang='lat' dir='ltr'><strong>etiam</strong></span> <span class='ocrx_word' id='word_1_197' title='bbox 459 2265 519 2342; x_wconf 91' lang='lat' dir='ltr'><strong>ipso</strong></span> <span class='ocrx_word' id='word_1_198' title='bbox 539 2266 677 2324; x_wconf 91' lang='lat' dir='ltr'><strong>orationis</strong></span> <span class='ocrx_word' id='word_1_199' title='bbox 701 2278 807 2344; x_wconf 86' lang='lat' dir='ltr'><strong>genere</strong></span> <span class='ocrx_word' id='word_1_200' title='bbox 832 2266 931 2336; x_wconf 75' lang='lat' dir='ltr'><strong>liber3</strong></span> 
     </span>
     <span class='ocr_line' id='line_1_28' title="bbox 140 2341 976 2470; baseline 0.004 -69"><span class='ocrx_word' id='word_1_201' title='bbox 140 2343 224 2420; x_wconf 87' lang='lat' dir='ltr'><strong>cujus</strong></span> <span class='ocrx_word' id='word_1_202' title='bbox 237 2344 381 2403; x_wconf 82' lang='lat' dir='ltr'><strong>orationes</strong></span> <span class='ocrx_word' id='word_1_203' title='bbox 395 2346 475 2421; x_wconf 88' lang='lat' dir='ltr'><strong>pueri</strong></span> <span class='ocrx_word' id='word_1_204' title='bbox 489 2346 666 2424; x_wconf 87' lang='lat' dir='ltr'><strong>legebamus,</strong></span> <span class='ocrx_word' id='word_1_205' title='bbox 680 2367 751 2423; x_wconf 89' lang='lat' dir='ltr'><strong>quas</strong></span> <span class='ocrx_word' id='word_1_206' title='bbox 769 2347 829 2423; x_wconf 89' lang='lat' dir='ltr'><strong>jam</strong></span> <span class='ocrx_word' id='word_1_207' title='bbox 844 2341 976 2470; x_wconf 53' lang='lat' dir='ltr'><strong>repe-s</strong></span> 
     </span>
     <span class='ocr_line' id='line_1_29' title="bbox 92 2423 930 2505; baseline 0.005 -25"><span class='ocrx_word' id='word_1_208' title='bbox 92 2423 197 2482; x_wconf 73' lang='lat' dir='ltr'><strong>labrire</strong></span> <span class='ocrx_word' id='word_1_209' title='bbox 211 2425 258 2482; x_wconf 87' lang='lat' dir='ltr'><strong>vix</strong></span> <span class='ocrx_word' id='word_1_210' title='bbox 270 2443 430 2501; x_wconf 90' lang='lat' dir='ltr'><strong>possumus.</strong></span> <span class='ocrx_word' id='word_1_211' title='bbox 472 2426 568 2503; x_wconf 90' lang='lat' dir='ltr'><strong>Atque</strong></span> <span class='ocrx_word' id='word_1_212' title='bbox 589 2427 676 2486; x_wconf 86' lang='lat' dir='ltr'><strong>etiam</strong></span> <span class='ocrx_word' id='word_1_213' title='bbox 698 2427 815 2505; x_wconf 89' lang='lat' dir='ltr'><strong>ingenio</strong></span> <span class='ocrx_word' id='word_1_214' title='bbox 828 2439 857 2485; x_wconf 91' lang='lat' dir='ltr'><strong>et</strong></span> <span class='ocrx_word' id='word_1_215' title='bbox 870 2444 930 2484; x_wconf 89' lang='lat' dir='ltr'><strong>ser·</strong></span> 
     </span>
     <span class='ocr_line' id='line_1_30' title="bbox 141 2504 932 2582; baseline 0.004 -21"><span class='ocrx_word' id='word_1_216' title='bbox 141 2522 226 2562; x_wconf 88' lang='lat' dir='ltr'><strong>mone</strong></span> <span class='ocrx_word' id='word_1_217' title='bbox 240 2504 374 2582; x_wconf 86' lang='lat' dir='ltr'><strong>eleganti,</strong></span> <span class='ocrx_word' id='word_1_218' title='bbox 389 2504 552 2565; x_wconf 88' lang='lat' dir='ltr'><strong>valetudine</strong></span> <span class='ocrx_word' id='word_1_219' title='bbox 565 2508 748 2566; x_wconf 87' lang='lat' dir='ltr'><strong>incommoda</strong></span> <span class='ocrx_word' id='word_1_220' title='bbox 761 2508 796 2567; x_wconf 86' lang='lat' dir='ltr'><strong>G.</strong></span> <span class='ocrx_word' id='word_1_221' title='bbox 812 2507 932 2565; x_wconf 81' lang='lat' dir='ltr'><strong>Sextius</strong></span> 
     </span>
     <span class='ocr_line' id='line_1_31' title="bbox 142 2583 948 2660; baseline 0.007 -20"><span class='ocrx_word' id='word_1_222' title='bbox 142 2583 281 2642; x_wconf 82' lang='lat' dir='ltr'><strong>Calvinus</strong></span> <span class='ocrx_word' id='word_1_223' title='bbox 305 2585 369 2658; x_wconf 89' lang='lat' dir='ltr'><strong>suit,</strong></span> <span class='ocrx_word' id='word_1_224' title='bbox 382 2585 431 2660; x_wconf 91' lang='lat' dir='ltr'><strong>qui</strong></span> <span class='ocrx_word' id='word_1_225' title='bbox 456 2588 523 2659; x_wconf 86' lang='lat' dir='ltr'><strong>etsi,</strong></span> <span class='ocrx_word' id='word_1_226' title='bbox 538 2606 605 2645; x_wconf 89' lang='lat' dir='ltr'><strong>cum</strong></span> <span class='ocrx_word' id='word_1_227' title='bbox 627 2587 797 2646; x_wconf 89' lang='lat' dir='ltr'><strong>remiserant</strong></span> <span class='ocrx_word' id='word_1_228' title='bbox 817 2587 948 2659; x_wconf 75' lang='lat' dir='ltr'><strong>dolores,’</strong></span> 
     </span>
     <span class='ocr_line' id='line_1_32' title="bbox 142 2663 931 2741; baseline 0.006 -21"><span class='ocrx_word' id='word_1_229' title='bbox 142 2663 257 2741; x_wconf 89' lang='lat' dir='ltr'><strong>pedum,</strong></span> <span class='ocrx_word' id='word_1_230' title='bbox 280 2685 338 2723; x_wconf 93' lang='lat' dir='ltr'><strong>non</strong></span> <span class='ocrx_word' id='word_1_231' title='bbox 365 2665 464 2723; x_wconf 89' lang='lat' dir='ltr'><strong>deerat</strong></span> <span class='ocrx_word' id='word_1_232' title='bbox 489 2666 518 2724; x_wconf 92' lang='lat' dir='ltr'><strong>in</strong></span> <span class='ocrx_word' id='word_1_233' title='bbox 546 2667 652 2736; x_wconf 88' lang='lat' dir='ltr'><strong>causis,</strong></span> <span class='ocrx_word' id='word_1_234' title='bbox 682 2678 781 2727; x_wconf 89' lang='lat' dir='ltr'><strong>tamen</strong></span> <span class='ocrx_word' id='word_1_235' title='bbox 810 2667 839 2726; x_wconf 92' lang='lat' dir='ltr'><strong>id</strong></span> <span class='ocrx_word' id='word_1_236' title='bbox 868 2676 931 2726; x_wconf 78' lang='lat' dir='ltr'><strong>non·</strong></span> 
     </span>
     <span class='ocr_line' id='line_1_33' title="bbox 141 2743 930 2826; baseline 0.008 -25"><span class='ocrx_word' id='word_1_237' title='bbox 141 2761 218 2819; x_wconf 81' lang='lat' dir='ltr'><strong>saepe</strong></span> <span class='ocrx_word' id='word_1_238' title='bbox 240 2743 372 2804; x_wconf 86' lang='lat' dir='ltr'><strong>faciebat.</strong></span> <span class='ocrx_word' id='word_1_239' title='bbox 414 2745 516 2823; x_wconf 91' lang='lat' dir='ltr'><strong>Itaque</strong></span> <span class='ocrx_word' id='word_1_240' title='bbox 537 2748 657 2806; x_wconf 90' lang='lat' dir='ltr'><strong>consilio</strong></span> <span class='ocrx_word' id='word_1_241' title='bbox 677 2749 749 2826; x_wconf 86' lang='lat' dir='ltr'><strong>ejus,</strong></span> <span class='ocrx_word' id='word_1_242' title='bbox 765 2766 832 2807; x_wconf 88' lang='lat' dir='ltr'><strong>curn</strong></span> <span class='ocrx_word' id='word_1_243' title='bbox 852 2747 930 2807; x_wconf 84' lang='lat' dir='ltr'><strong>vole·</strong></span> 
     </span>
     <span class='ocr_line' id='line_1_34' title="bbox 144 2822 933 2905; baseline 0.003 -21"><span class='ocrx_word' id='word_1_244' title='bbox 144 2824 223 2894; x_wconf 90' lang='lat' dir='ltr'><strong>bant,</strong></span> <span class='ocrx_word' id='word_1_245' title='bbox 243 2822 373 2884; x_wconf 90' lang='lat' dir='ltr'><strong>homines</strong></span> <span class='ocrx_word' id='word_1_246' title='bbox 396 2826 566 2901; x_wconf 82' lang='lat' dir='ltr'><strong>utebantur3</strong></span> <span class='ocrx_word' id='word_1_247' title='bbox 587 2830 755 2905; x_wconf 84' lang='lat' dir='ltr'><strong>patrocinio,</strong></span> <span class='ocrx_word' id='word_1_248' title='bbox 770 2848 838 2888; x_wconf 89' lang='lat' dir='ltr'><strong>cum</strong></span> <span class='ocrx_word' id='word_1_249' title='bbox 861 2828 933 2887; x_wconf 88' lang='lat' dir='ltr'><strong>lice·</strong></span> 
     </span>
    </p>
   </div>
   <div class='ocr_carea' id='block_1_3' title="bbox 140 2950 186 2962">
    <p class='ocr_par' dir='ltr' id='par_1_3' title="bbox 140 2950 186 2962">
     <span class='ocr_line' id='line_1_35' title="bbox 140 2950 186 2962; baseline 0 -6"><span class='ocrx_word' id='word_1_250' title='bbox 140 2950 186 2962; x_wconf 71' lang='lat'><strong>‚-</strong></span> 
     </span>
    </p>
   </div>
   <div class='ocr_carea' id='block_1_4' title="bbox 195 2976 976 3064">
    <p class='ocr_par' dir='ltr' id='par_1_4' title="bbox 195 2976 976 3064">
     <span class='ocr_line' id='line_1_36' title="bbox 195 2976 976 3064; baseline 0.001 -23"><span class='ocrx_word' id='word_1_251' title='bbox 195 2990 209 3015; x_wconf 68' lang='lat'><strong>⁶⁵</strong></span> <span class='ocrx_word' id='word_1_252' title='bbox 220 2988 381 3041; x_wconf 70' lang='lat' dir='ltr'><strong>trucutentus</strong></span> <span class='ocrx_word' id='word_1_253' title='bbox 388 3009 399 3050; x_wconf 90' lang='lat'><strong>,·</strong></span> <span class='ocrx_word' id='word_1_254' title='bbox 419 2992 551 3041; x_wconf 84' lang='lat' dir='ltr'><strong>admirable</strong></span> <span class='ocrx_word' id='word_1_255' title='bbox 563 2993 755 3043; x_wconf 78' lang='lat' dir='ltr'><strong>emendationes</strong></span> <span class='ocrx_word' id='word_1_256' title='bbox 767 2976 873 3042; x_wconf 80' lang='lat' dir='ltr'><strong>Ernesti.</strong></span> <span class='ocrx_word' id='word_1_257' title='bbox 934 3035 950 3064; x_wconf 41' lang='grc' dir='ltr'><strong>ι,</strong></span> <span class='ocrx_word' id='word_1_258' title='bbox 960 3002 976 3033; x_wconf 75' lang='lat'><strong>1·</strong></span> 
     </span>
    </p>
   </div>
   <div class='ocr_carea' id='block_1_5' title="bbox 0 0 1009 3450">
    <p class='ocr_par' dir='ltr' id='par_1_5' title="bbox 0 0 1009 3450">
     <span class='ocr_line' id='line_1_37' title="bbox 0 0 1009 3450; baseline 0 0"><span class='ocrx_word' id='word_1_259' title='bbox 0 0 1009 3450; x_wconf 95' lang='lat' dir='ltr'><strong> </strong></span> 
     </span>
    </p>
   </div>
  </div>
 </body>
</html>
