1986 3450
154 206 200 256 Dr:
222 206 347 256 CLARIS
369 207 738 272 ouaTOR1Bus,wcn›.10.
803 208 837 268 ll

60 371 118 412 nen
132 362 191 410 tam
205 353 291 411 armis
304 353 450 410 institutus
462 371 548 428 quem
567 353 706 430 pelaestra.
738 351 839 428 Itaque

60 432 222 492 delectabat
237 433 328 510 magis
347 433 548 505 Athenienses,
572 452 657 509 quem
683 433 839 491 inflamma·

60 515 118 573 bat.
159 513 341 572 Processerat
368 513 444 570 enim
472 514 502 570 in
530 514 617 572 solem
645 522 674 570 et
694 514 838 590 pulverem

61 613 119 652 non
142 604 173 652 ut
191 614 208 652 e
229 593 345 651 militari
369 593 553 652 tabernaculo
573 595 623 651 sed
652 602 683 650 ut
704 613 720 650 e
742 594 840 652 Theo·

59 673 178 752 p’hrasti‚
213 673 369 730 doctissimi
400 674 531 741 hominis,
554 674 737 731 umbraculis.
780 673 875 733 Hices

58 754 168 833 primus
183 753 292 812 inflexit
305 753 470 825 orationem,
485 764 514 812 et
539 773 602 811 eam
624 754 735 812 mollem
760 765 842 812 tene-

59 852 179 910 ramque
210 833 332 892 reddidit
340 855 352 905 ;‘
382 845 410 892 et
434 835 537 904 suevis¹
559 835 633 892 sicut
660 834 722 906 fnit,
750 834 840 892 sideri

60 915 164 974 maluit
177 914 260 990 qua'm
274 915 366 992 gravis
375 935 387 983 ;r
404 914 454 972 sed
473 915 612 974 suavitate
636 933 680 986 ea,
699 934 755 991 qua
778 934 840 992 per·

59 995 194 1053 funderet
217 994 334 1067 enimes,
349 1015 406 1053 non
425 1014 481 1071 qua
502 996 706 1073 perfringeret:
728 1006 838 1053 tantum

60 1087 107 1134 ut.
122 1076 283 1134 memoriam
299 1076 500 1134 concinnitatis
516 1094 585 1145 sure,
608 1096 665 1134 non
691 1076 840 1152 (quemad-

60 1152 176 1213 modum
190 1157 226 1214 de
248 1156 357 1215 Pericle
382 1155 652 1234 scripsitpEupolis),
677 1176 743 1215 cum
765 1157 839 1214 dele-

60 1236 186 1295 ctatione
215 1237 329 1294 aculeos
355 1236 440 1294 etiam
469 1237 640 1312 relinqueret
673 1236 703 1294 in
736 1236 839 1294 animis

60 1335 169 1388 eorum,
185 1317 317 1392 aquibus
331 1327 406 1375 esset
420 1318 541 1376 auditus.

101 1395 140 1454 X.
161 1395 288 1455 Videsne
302 1397 397 1474 igitur,⁴
412 1397 441 1455 in
456 1416 490 1454 ea
504 1398 565 1473 ipsa
585 1395 665 1466 urbe,
688 1395 718 1452 in
742 1413 798 1470 qua
811 1405 840 1452 et
850 1409 875 1449 es

61 1487 130 1536 nete
142 1487 172 1534 et
185 1477 243 1534 alta
253 1477 288 1534 sit
302 1477 474 1552 eloquentia,
488 1495 574 1552 quam
584 1494 620 1533 ea
633 1494 695 1533 sero
706 1474 841 1551 prodierit

61 1557 92 1614 in
121 1556 238 1615 luceml
269 1557 293 1613 si
323 1557 438 1631 quidem
459 1567 525 1614 ante
547 1555 659 1614 Solonis
679 1566 791 1634 aetatem
812 1565 841 1613 et

60 1635 203 1695 Pisistrati
216 1637 252 1694 de
267 1635 345 1693 nullo
358 1646 389 1693 ut
408 1636 514 1695 diserto
534 1635 675 1696 memoriae
697 1635 840 1713 proditum
857 1678 862 1688 .

60 1728 113 1775 est.
157 1717 198 1774 At
211 1716 241 1773 hi
253 1716 378 1791 quidem,
393 1725 424 1774 ut
446 1717 543 1801 populi
556 1716 680 1775 Romani
702 1730 770 1776 aetas
786 1727 839 1790 est,

60 1814 166 1866 seues3
192 1805 232 1854 ut
266 1797 486 1872 Atheniensium
520 1797 625 1856 secula¹
644 1807 839 1870 numerantur,

62 1876 258 1935 adolescentes
285 1877 391 1935 debent
417 1877 514 1936 sideri.
566 1877 643 1936 Nem
667 1879 721 1936 etsi
742 1877 843 1936 Servio

61 1955 161 2016 Tullio
174 1969 312 2035 regnante
333 1959 492 2036 viguerunt,
513 1968 610 2017 tamen
631 1951 720 2017 multo
734 1957 841 2016 diutius

63 2037 187 2097 Athene
204 2039 263 2115 jam
277 2050 368 2117 erant,
381 2058 466 2115 quam
488 2049 532 2097 est
552 2039 648 2096 Roma
673 2040 708 2096 ad
730 2038 841 2096 hodier-

62 2137 133 2175 num
160 2118 253 2177 diem:
281 2138 337 2177 nec
363 2129 459 2177 tumen
490 2119 599 2186 dubito,
620 2118 689 2194 quin
711 2117 841 2176 habuerit

62 2197 120 2255 rim
136 2217 267 2274 magnum
291 2218 403 2276 semper
423 2199 520 2258 oratio.
562 2198 664 2274 Neque
686 2199 763 2258 enim
781 2199 877 2276 jemn

63 2275 179 2336 Troicis
205 2280 380 2356 temporibus
398 2289 515 2336 tentum
542 2280 635 2337 laudis
661 2279 690 2338 in
718 2279 842 2338 dicendo

63 2357 142 2416 Ulixi
168 2359 314 2418 tribuisset
335 2359 478 2418 Homerus
509 2369 538 2416 et
564 2358 680 2418 Nestori
709 2358 842 2436 (quorum

64 2437 184 2497 alterum
199 2440 255 2498 vim
278 2439 383 2498 habere
404 2439 491 2498 voluit
513 2439 633 2498 alterum
646 2436 841 2514 suavitatem),

63 2518 121 2577 nisi
132 2518 192 2596 jam
206 2528 266 2578 tom
280 2530 355 2578 esset
368 2520 456 2578 honos
470 2519 653 2596 eloquentiae;
676 2535 768 2594 neque
782 2516 843 2592 ipse

62 2603 153 2676 poeta
167 2598 214 2656 hic
228 2608 285 2658 tam
299 2601 375 2659 idem
386 2609 506 2663 ornatus
521 2601 551 2658 in
565 2600 688 2659 dicendo
703 2617 737 2655 ac
757 2595 843 2674 plane

61 2689 159 2738 orator
173 2677 288 2741 suisset:
310 2681 392 2758 cujus
410 2681 463 2739 etsi
488 2680 598 2739 incerte
618 2690 686 2739 sunt
705 2688 841 2754 tempora,

63 2770 163 2818 tamen
187 2759 269 2817 annis
287 2761 382 2820 multis
403 2761 455 2819 luit
469 2770 534 2819 ante
549 2761 723 2828 Romulum3
745 2758 769 2816 si
782 2758 843 2835 qui-

64 2840 130 2899 dem
146 2858 203 2897 non
219 2839 293 2899 inlre
306 2841 476 2919 superiorem
491 2841 656 2920 Lycurgum
679 2838 740 2911 suit,
756 2859 843 2917 aquo
860 2896 863 2909 ,

64 2933 109 2980 est
118 2919 272 2998 disciplina
282 2919 563 2982 Lacedaemoniorum
576 2919 711 2980 adstricta
721 2920 841 2998 legibus.

105 3001 164 3059 Sed
178 3001 303 3060 studium
318 3001 378 3079 ejus
397 3003 510 3082 generis
529 3001 735 3079 majorque'vis
757 3007 879 3078 agno-⁴1

64 3081 155 3140 scitur
181 3082 211 3140 in
242 3081 398 3141 Pisistrato.
445 3084 577 3160 Denique
604 3082 684 3141 hunc
714 3081 850 3159 proximo

64 3161 164 3223 melo
185 3161 396 3226 Themistocles
409 3160 779 3241 momenmentum
798 3173 876 3225 offis
