1986 3450
192 225 239 275 DE
259 224 386 274 cannas
410 222 641 281 ORATORIBUS‚
657 222 726 272 Cae.
743 224 782 272 80.
840 224 880 286 38

96 369 193 429 multis
207 371 303 431 causis
316 380 449 429 versatus
465 379 534 428 erat.
576 368 611 428 In
623 369 805 461 quibusdam
819 368 880 428 lau·

96 450 238 510 dandis
214 453 290 524 viris,
305 450 417 511 etiamsi
433 450 548 507 maximi
563 450 674 527 ingenii
698 467 755 508 ιιοιι
774 461 878 521 essent,

96 531 250 609 probabilis
264 546 360 591 tamen
383 528 540 600 industria;
561 549 745 622 quamquam
756 531 800 588 his
819 531 879 606 qui·

96 611 162 702 dem
177 632 234 671 non
249 613 366 670 omnino
380 611 526 702 ingenium
552 611 601 668 sed
625 611 779 681 oratorium
802 610 880 687 inge·

96 691 176 750 nium
204 693 305 752 deluit.
347 691 449 784 Neque
471 691 556 758 enim
573 690 659 750 refert
683 692 789 762 videre,
811 691 879 765 quid

96 772 254 838 dicendum
277 773 323 844 sit,
348 773 404 830 nisi
428 772 456 830 id
482 789 571 848 queas
592 772 686 830 solute
705 783 734 830 et
756 770 880 830 suaviter

96 851 203 911 dicere.
245 853 291 911 Ne
314 853 478 930 idquidem
493 853 562 910 satis
586 864 638 921 est,
661 852 718 910 nisi
740 853 779 925 id,
804 850 879 927 quod

96 931 214 1005 dicitur,
229 933 260 990 fit
273 952 342 992 voce
356 933 434 993 vultu
456 944 590 1008 motuque
605 933 755 992 conditius.
796 930 879 1023 Quid
892 949 928 988 111

95 1012 192 1071 dicam
219 1033 290 1098 opus
316 1034 379 1072 esse
398 1013 591 1072 doctrina?
569 1033 632 1071 sme
654 1032 721 1089 qua,
745 1012 831 1093 etiam
855 1012 880 1070 si

95 1094 176 1168 quid
181 1094 254 1152 benc
275 1095 381 1154 dicitur
407 1094 559 1171 adjuvante
583 1105 695 1166 natura,
718 1093 815 1151 tame'n
824 1086 879 1165 id,

95 1174 164 1248 quia
178 1174 292 1233 sortuito
313 1175 344 1232 fit
347 1194 481 1251 ‚semper
496 1185 626 1266 paratum
636 1190 699 1232 esse
711 1193 768 1233 non
779 1183 879 1249 potest.

96 1251 133 1312 ln
161 1255 264 1314 Scauri
288 1255 417 1313 oratione
444 1254 582 1331 sapientis
596 1254 733 1321 ¹hominis
761 1263 789 1311 et
808 1252 880 1310 recti

96 1335 220 1426 gravitas
247 1354 359 1394 summa
393 1346 422 1392 et
455 1333 594 1392 naturalis
617 1333 759 1422 *quaedam
789 1332 881 1389 inerat

97 1416 260 1486 auctoritas,
283 1435 341 1474 ιιοιι
365 1425 398 1474 ut
419 1433 537 1472 causam
559 1413 610 1485 sed
632 1424 664 1471 ut
686 1411 880 1470 testimonium

95 1494 193 1553 dicere
206 1505 332 1572 putares
352 1513 420 1553 cum
442 1513 493 1570 pro
517 1512 566 1551 reo
588 1493 721 1550 diceret.
748 1491 814 1549 Hoc
841 1490 881 1548 di·
893 1508 930 1548 rra

95 1575 182 1632 cendi
210 1593 302 1651 genus
319 1575 364 1630 ad
392 1572 552 1650 patrocinia
576 1570 759 1630 mediocriter
784 1581 886 1649 aptum

79 1654 262 1723 ·videbatur;
279 1653 314 1711 ad
330 1653 500 1741 senatoriam
515 1671 580 1710 vero
601 1653 782 1723 sententiam,
798 1650 881 1728 cujus

93 1744 159 1791 erat
173 1732 220 1791 ille
232 1733 377 1809 princeps,
389 1732 432 1790 vel
444 1731 583 1804 maxime3
610 1733 795 1810 significabat
802 1733 880 1791 enim

94 1833 153 1872 ιιοιι
178 1813 359 1892 prudentiam
385 1813 475 1872 solum
498 1814 548 1871 sed
551 1814 651 1890 ,quod
673 1813 797 1871 maxime
818 1831 879 1870 rem

95 1893 273 1966 continebat,
288 1893 381 1952 fidem.
408 1859 559 1951 Habebat
573 1895 629 1952 hoc'
653 1905 787 1952 anatura
807 1893 878 1970 ipsa,

94 1975 170 2053 quod
186 1975 346 2033 adoctrina
360 1993 416 2032 non
438 1961 523 2032 lacile
547 1984 671 2053 posset..
692 1973 878 2050 Quamquam

95 2055 181 2132 hujus
207 2075 320 2132 quoque
347 2054 442 2131 ipsius
462 2055 514 2126 rei,
541 2055 783 2146 quemadmodum
810 2052 878 2126 scis,

94 2146 238 2214 praecepta
252 2145 329 2194 sunt
369 2134 465 2210 Hujus
479 2145 508 2192 et
520 2135 664 2194 orationes
678 2146 745 2193 sunt
768 2144 797 2194 et
821 2143 879 2193 tres

96 2214 180 2273 adL.
196 2215 342 2274 Fufidium
364 2214 430 2273 libri
444 2214 543 2290 scripti
562 2215 599 2272 de
621 2215 689 2273 vita
703 2214 791 2308 ipsius
813 2224 879 2272 acta

95 2315 166 2353 sane
180 2296 274 2368 utiles,
288 2313 359 2371 quos
378 2313 463 2353 nemo
486 2294 572 2371 legit:
595 2305 623 2353 at
647 2294 716 2371 Cyri
740 2298 827 2354 vitam
850 2303 879 2349 et

95 2375 278 2452 disciplinam
293 2376 404 2452 legunt,
419 2374 585 2465 preclaram
607 2375 683 2433 illam
698 2376 812 2452 quidem
828 2372 878 2429 sed

94 2474 188 2531 neque
202 2467 259 2514 tam
274 2457 360 2514 rebus
374 2455 478 2513 nostris
490 2466 584 2532 aptam
594 2475 650 2514 nec
664 2468 765 2514 tamen
775 2451 879 2517 Scauri

94 2536 231 2597 laudibus
252 2535 491 2613 anteponendam.
520 2537 586 2612 Ipse
599 2537 686 2595 etiam
700 2531 855 2593 Fufidius
848 2551 877 2591 m

94 2616 192 2692 aliquo
205 2626 388 2706 patronorum
401 2634 521 2674 numero
535 2616 596 2675 suit.
625 2615 726 2674 XXX.
748 2613 878 2672 Rutilius
890 2633 927 2692 rra

94 2706 193 2754 autem
209 2695 241 2752 in·
252 2697 374 2772 quodam
389 2696 463 2754 tristi
477 2707 505 2754 et
519 2716 617 2755 severo
641 2714 747 2774 genere
762 2694 878 2753 dicendi

93 2788 224 2835 versatus
251 2787 310 2847 est;
343 2787 372 2835 ot
398 2788 520 2853 uterque
539 2788 642 2835 natura
670 2776 823 2833 vehemens
850 2785 878 2833 et

94 2877 184 2916 acer.¹
214 2855 315 2931 Itaque
336 2877 403 2915 curn
424 2876 483 2915 una
502 2858 684 2923 consulatum
701 2856 879 2944 petivissent,

94 2958 153 2997 non
168 2936 215 2995 ille
231 2937 333 3008 solum,
356 2938 405 3014 qui
427 2939 568 3014 repulsam
593 2936 706 3008 tulerat,
731 2933 881 2997 accusavit

95 3017 221 3077 ambitus
235 3017 415 3094 designatum
436 3019 661 3110 competitorem,
686 2982 735 3075 sbd
751 3019 880 3075 Scaurus

94 3099 184 3158 ctiam
199 3099 347 3158 absolutus
366 3097 540 3158 Rutilium'
534 3117 563 3156 m
583 3096 727 3175 judicium
747 3093 886 3155 rocaaitx
