1986 3450
203 223 251 273 na
277 222 405 273 cannis
423 221 654 281 onaaomnus,
670 222 740 272 cis.
757 225 795 272 n.
856 226 894 284 77

108 387 207 448 magni
199 370 336 442 laboris,
351 370 447 429 multae
461 388 554 446 operae
565 371 779 445 multarumque
793 387 894 428 causa·

107 469 179 509 rum.
221 451 287 508 Duo
302 452 389 509 etiam
403 442 524 522 Metelli,
539 451 624 510 Celer
650 461 679 508 et
699 448 806 526 Nepos,
821 449 892 515 nihil
903 467 942 507 aar

106 530 137 588 in
157 532 254 590 causis
275 532 379 589 versati
405 550 463 588 nec
482 530 544 588 sine
566 531 687 608 ingenio
704 549 759 589 nec
783 530 893 588 indocti

105 611 161 668 hoc
175 623 257 670 erant
270 612 407 688 populare
422 611 537 668 dicendi
554 631 645 688 genus
660 610 792 670 assecuti.
835 611 891 670 Cn.

105 702 202 749 autem
217 691 357 750 Lentulus
380 691 566 749 Marcellinus
590 712 645 750 nec
670 709 796 783 unquam
820 690 893 749 indi·

105 781 199 830 sertus
212 784 242 830 et
256 773 286 829 in
300 772 451 830 consulatu
473 773 698 848 pereloquens
674 792 751 830 visus
764 782 819 845 est,
833 790 891 830 non

103 851 203 909 tardus
218 852 377 923 sententiis,
392 871 460 911 non
453 853 547 931 inops
561 853 664 922 verbis,
679 870 750 911 voce
772 871 891 925 canora,

103 930 217 990 facetus
244 934 321 990 satis
359 935 396 993 O.
422 930 648 1005 Memmius‚L.
674 932 719 1005 F,
745 933 890 1010 perfectus

102 1010 204 1085 literis,
218 1013 277 1070 sed
282 1013 411 1082 Graecis3
433 1012 597 1072 fastidiosus
619 1033 690 1076 sane
702 1013 888 1086 Latinarum,

104 1102 223 1170 argutus
236 1105 329 1153 orator
343 1094 493 1170 verbisque
509 1093 603 1152 dulcis
627 1095 678 1152 sed
704 1094 816 1172 lugiens
830 1114 888 1153 non

102 1173 189 1231 modo
212 1173 329 1233 dicendi
353 1193 452 1233 verum
480 1174 566 1232 etiam
593 1175 740 1252 cogitandi
761 1173 888 1232 laborem

101 1261 214 1310 tantum
228 1255 282 1313 sibi
297 1256 333 1313 de
348 1254 494 1314 facultate
491 1237 632 1353 detraxit,
644 1263 782 1329 quantum
797 1253 889 1312 immi·

100 1332 165 1391 nuit
179 1334 336 1395 industria.

140 1413 254 1474 LXXI.
276 1416 344 1474 Hoc
366 1414 430 1473 loco
452 1385 571 1484 Brutus,
587 1412 688 1475 Quam
710 1413 854 1485 vellem,
847 1434 889 1471 rn·
898 1433 938 1473 aas

100 1493 172 1570 quit,
187 1495 224 1552 de
238 1496 283 1553 his
297 1496 384 1553 etiam
398 1493 567 1563 oratoribus,
583 1513 645 1585 qur·
624 1493 732 1551 hodie
746 1504 821 1565 sunt,
835 1494 888 1552 tibi

98 1574 198 1633 dicere
212 1575 342 1634 luberet:
364 1585 393 1632 et
415 1574 439 1631 si
463 1574 499 1633 de
520 1538 583 1631 aliis
596 1573 712 1645 minus,
726 1574 763 1631 de
776 1574 888 1648 duobus

97 1663 208 1726 tamen,
223 1675 294 1732 qnos
309 1673 325 1712 a
338 1664 367 1712 te
389 1653 451 1712 scio
472 1653 582 1712 laudari
606 1654 705 1725 solere,
720 1654 837 1714 Caesare
858 1665 888 1714 et

98 1732 256 1806 Marcello,
279 1735 407 1792 audirem
431 1734 610 1793 non=minus
633 1735 775 1803 lubenter,
799 1754 885 1812 quarn

98 1814 197 1872 audivi
223 1816 260 1872 de
287 1815 332 1887 iis,
356 1815 404 1891 qni
429 1814 551 1875 suerunt.
593 1815 654 1874 Cur
679 1816 817 1875 tandeml
844 1817 887 1875 in.

98 1913 203 1972 quam3
226 1915 263 1962 an
277 1906 438 1973 exspectas,
454 1895 523 1974 quid
545 1914 603 1973 ego·
618 1895 745 1973 jndicem
761 1897 799 1954 de
813 1897 884 1970 istis,

97 1976 147 2053 qui
161 1975 214 2034 tibi
228 1988 295 2034 sunt
308 1996 389 2054 aeque
403 1978 513 2044 notiac
538 1976 633 2037 mihil
674 1975 759 2050 Mihi,
774 1979 885 2036 meher-

97 2055 174 2128 cule,
199 2057 306 2134 inquit,
321 2056 479 2115 Marcellus
492 2057 571 2119 satis
594 2068 639 2115 est
662 2068 763 2129 notus;
785 2060 885 2119 Caesar

98 2147 194 2194 autem
221 2157 338 2215 parurn:
367 2137 446 2195 illum
473 2137 561 2208 enirn)
578 2155 654 2214 saepe
681 2138 795 2211 audivi;
824 2139 883 2211 hic,

85 2235 165 2274 ,cum
190 2237 244 2295 ego
267 2218 398 2295 judicare
421 2216 481 2294 jain
502 2217 608 2295 aliquid
635 2237 757 2294 possem,
783 2218 888 2277 abfuit,

96 2296 180 2359 Quid
195 2298 281 2375 igitur
295 2299 331 2356 de
346 2298 394 2356 illo
413 2297 538 2374 judicas,
553 2316 637 2373 quern
658 2318 733 2376 saepe
758 2299 882 2358 audistil
893 2314 932 2354 aas

95 2376 179 2440 Quid
203 2397 315 2451 censes,
330 2378 433 2455 inquit,
448 2377 504 2437 nisi
528 2378 568 2449 id,
582 2379 656 2456 quod
682 2379 829 2439 habiturus
849 2396 887 2435 es·

97 2457 221 2516 similem
235 2459 300 2517 tuit
334 2458 468 2536 Naeego,
483 2458 610 2535 inquam,
625 2460 649 2517 si
672 2459 712 2518 ita
729 2468 781 2528 est,
797 2457 881 2515 velim

95 2539 149 2597 tibi
171 2559 237 2597 eum
259 2540 374 2616 placere
396 2558 480 2616 quam
508 2540 639 2597 maxime.
672 2538 772 2615 ,Atqui
793 2537 884 2596 etita

95 2630 150 2692 est,
164 2620 268 2697 inquit,
283 2632 312 2678 et
326 2621 511 2678 vehementer
534 2620 646 2696 placet:
668 2638 724 2677 nec
738 2637 804 2676 vero
818 2617 880 2677 sine

96 2718 202 2770 causa,
223 2718 291 2758 narn
305 2712 334 2759 et
347 2701 460 2774 didicit,
475 2710 505 2757 et
523 2701 636 2759 omissis
652 2698 756 2758 ceteris
778 2699 880 2758 studiis

95 2798 186 2838 unum
200 2780 228 2838 id
243 2781 312 2858 egit,
322 2800 439 2856 seseque
451 2780 624 2858 quotidianis
635 2779 881 2838 commentationi·

95 2860 150 2919 bus
165 2862 304 2919 acerrime
329 2861 464 2919 exercuit.
506 2863 608 2939 Itaque
633 2870 662 2918 et
685 2860 768 2918 lectis
790 2862 928 2920 utituraac

96 2942 189 2999 verbis
211 2952 240 2999 et
262 2942 465 3016 frequentibus,
480 2952 509 3000 et
533 2941 683 3020 splendore
697 2941 773 2999 vocis
793 2952 823 3000 et
837 2940 879 2998 di·

93 3022 203 3099 gnitate
218 3032 312 3081 motus
326 3021 357 3078 fit
370 3023 530 3098 speciosum
544 3035 573 3081 et
586 3022 704 3094 illustre,
718 3022 793 3100 quod
808 3020 879 3078 dici·

93 3113 158 3173 tur3
179 3102 333 3181 omniaque
333 3122 385 3241 78ὲο
397 3114 559 3181 suppetunt,
570 3113 602 3163 ut
614 3102 642 3162 ei
655 3103 763 3162 nullam
777 3102 878 3161 deesse
