1986 3450
133 223 175 283 46
235 221 282 271 DE
306 221 433 272 CLARIS
454 221 682 280 ouaroltlaus
699 221 767 271 aaa.
784 223 823 270 42.

135 387 173 426 ex
194 367 308 446 scriptis
329 368 400 446 ejus,
419 388 538 445 quorum
561 369 664 427 similia
687 368 765 426 nulla
787 378 864 443 sunt,
880 368 922 427 fa·

83 464 125 506 154
136 447 243 506 cillime
257 451 379 526 perspici
393 460 493 526 potest.
535 451 666 526 Cumque
684 449 815 508 discendi
830 464 921 508 eausa

136 530 248 587 duobus
272 531 448 607 peritissimis
469 550 584 605 operam
607 532 741 601 dedisset,
757 530 789 589 L.
805 530 921 588 Lucilio

131 609 237 681 Balbo,
252 611 286 669 C.
302 611 418 688 Aquilio
432 610 529 681 Gallo;
541 612 637 682 »Galli,
653 611 774 669 hominis
797 611 880 668 acuti
891 619 921 668 et

137 690 296 761 exercitati,
311 703 468 767 promptam
484 703 512 748 et
529 705 657 768 paratam
672 694 701 749 in
719 692 831 768 agendo
844 701 874 748 et
889 692 918 749 iu

137 770 334 847 respondendo
348 771 523 829 celeritatem
538 773 691 830 subtilitate
714 770 920 848 diligentiaque

137 851 299 927 superavit:
327 851 419 925 Balbi,
448 853 525 911 docti
546 865 575 910 et
601 853 704 910 eruditi
729 852 861 922 hominis
888 853 919 909 in

137 940 257 1009 utraque
272 950 302 988 re
316 933 525 990 consideratam
546 934 706 991 tarditatem
723 933 790 990 vicit
804 932 920 1007 expedi-

137 1011 219 1068 endis
233 1011 476 1089 couficiendisque
494 1015 595 1072 rebus:
618 1014 660 1071 sic
684 1024 712 1071 et
734 1012 827 1083 babet,
842 1013 919 1088 quod

137 1101 255 1166 uterque
269 1111 366 1150 eorum
388 1094 496 1165 habuit,
511 1107 539 1152 et
563 1093 693 1171 explevit,
708 1094 781 1168 quod
807 1095 921 1168 utrique

87 1189 128 1230 155
138 1169 236 1230 detuit.
278 1171 378 1249 Itaque
392 1186 423 1231 ut
437 1175 558 1233 Crassus
575 1175 644 1240 milri
660 1175 768 1231 videtur
783 1173 920 1249 sapienti·

139 1270 173 1309 us
186 1252 287 1310 fecisse
301 1273 385 1328 quam
408 1255 536 1314 Scaevola
559 1255 620 1333 (hic
639 1255 714 1312 enirn
738 1272 840 1311 causas
863 1265 922 1312 stu·

139 1331 217 1391 diosc
229 1334 395 1410 recipiebat,
407 1334 437 1393 in
452 1336 555 1413 quibus
570 1355 586 1392 a
600 1337 705 1394 Crasso
715 1335 920 1410 superabatur;

138 1411 186 1472 ille
200 1435 231 1473 se
245 1417 355 1475 consuli
370 1416 493 1487 uolebat,
509 1436 545 1473 ne
559 1436 613 1492 qua
629 1416 656 1472 in
671 1435 701 1472 re
715 1415 831 1473 inferior
845 1425 923 1472 esset

137 1516 222 1574 quam
238 1498 397 1576 Seaevola):
415 1499 459 1556 sic
473 1499 587 1556 Servius
598 1495 813 1572 sapientissime.
843 1497 921 1554 Cum

139 1579 217 1637 euim
232 1579 296 1637 duae
311 1579 409 1636 civiles
424 1590 497 1636 artes
512 1598 546 1636 ac
568 1577 692 1635 forenses
716 1577 871 1652 plurimum
893 1584 923 1633 et

138 1658 232 1716 laudis
266 1659 403 1716 baberent
430 1671 459 1716 et
479 1658 593 1736 gratia,
620 1656 749 1733 perfecit,
777 1668 808 1714 ut
833 1657 923 1714 altera

139 1747 285 1815 praestaret
298 1739 438 1810 omnibus,
454 1759 488 1797 ex
511 1740 599 1796 altera
620 1749 731 1795 tantum
754 1747 922 1805 assumeret,

140 1828 278 1893 quantum
300 1829 374 1875 esset
397 1829 425 1875 et
448 1819 482 1876 ad
505 1819 642 1875 tuendum
662 1818 709 1894 jus
732 1817 815 1875 civile
836 1828 866 1874 et
887 1817 923 1874 ad

91 1913 129 1953 rao
139 1899 324 1956 obtinendam
339 1899 517 1955 consularem
532 1899 699 1975 dignitatem
721 1898 797 1956 satis.
840 1897 921 1955 Turn

141 1978 256 2049 Brutus,
284 1977 330 2035 Ita
355 1998 479 2055 prorsus,
506 1979 606 2054 inquit,
631 1991 659 2035 et
682 1990 766 2035 antea
787 1978 924 2054 putabam

141 2058 251 2135 (audivi
272 2059 349 2117 euim
370 2079 458 2135 nuper
479 2078 544 2116 eunt
566 2059 690 2117 studiose
711 2072 742 2116 et
761 2058 924 2134 frequenter

143 2137 233 2208 Sarni,
248 2158 314 2197 curn
329 2159 365 2197 ex
389 2159 423 2197 eo
442 2141 489 2216 jus
514 2153 639 2199 nostrum
662 2139 851 2216 pontificium,
867 2157 925 2214 qua

142 2238 178 2278 ex
191 2230 272 2295 parte
286 2239 353 2277 curn
364 2220 427 2297 jure
439 2220 516 2279 civili
530 2220 715 2296 conjunctum
727 2230 811 2289 esset,
821 2219 925 2276 vellem

144 2301 351 2378 cognoscere);
383 2314 413 2359 et
439 2321 517 2359 nunc
545 2320 639 2358 meum
663 2300 804 2375 judicium
832 2299 925 2358 multo

143 2381 235 2458 magis
250 2381 387 2439 confirmo
401 2381 561 2439 testimonio
581 2391 610 2438 et
628 2381 738 2456 judicio
752 2391 817 2437 tuo:
839 2379 925 2436 simul

144 2461 213 2520 illud
232 2463 354 2539 gaudeo,
368 2463 442 2536 quod
467 2473 495 2520 et
519 2462 664 2538 aeqnalitas
679 2469 770 2518 vestra
792 2470 820 2517 et
841 2479 927 2536 pares

144 2543 282 2600 honorum
302 2543 406 2619 gradus
428 2554 457 2599 et
482 2543 583 2600 artium
607 2541 820 2617 studiorumque
843 2539 927 2616 quasi

144 2622 264 2680 finitima
278 2623 410 2680 vicinitas
424 2635 533 2681 tantum
557 2624 636 2679 abest
658 2622 693 2679 ab
717 2622 927 2679 obtrectatione

144 2701 317 2779 invidiaque,
331 2724 393 2779 quae
416 2703 486 2760 solet
507 2704 633 2760 lacerare
655 2702 813 2778 plerosque,
829 2702 871 2759 uti
893 2720 928 2759 ea

144 2801 202 2839 nou
228 2784 310 2840 modo
332 2804 389 2840 non
410 2784 574 2841 exulcerare
588 2790 708 2839 vestram
731 2784 852 2858 gratiam
876 2781 927 2839 sed

144 2861 231 2919 etiarn
246 2865 402 2921 conciliare
417 2865 554 2923 rideatur.
595 2862 686 2924 Quali
709 2863 784 2920 enim
807 2874 836 2919 te
858 2880 930 2939 erga

146 2942 225 3001 illurn
249 2945 400 3021 perspicio,
414 2945 464 3002 tali
486 2944 565 3001 illum
586 2943 614 3000 in
638 2953 665 3000 te
688 2944 832 3001 voluntate
853 2942 931 3018 judi·

95 3035 133 3075 157
144 3023 247 3099 cioque
261 3026 390 3101 cognovi.
432 3024 532 3100 Itaque
554 3023 637 3082 doleo
658 3035 687 3082 et
709 3024 784 3081 illius
806 3024 930 3083 consilio

144 3114 174 3179 et
187 3114 237 3162 tua
249 3123 319 3163 voce
334 3105 468 3183 populum
483 3104 649 3163 &manum
670 3123 768 3163 carere
785 3113 845 3162 tarn
860 3104 928 3162 din:
