1986 3450
251 433 294 488 M.
319 432 457 490 TULLII
483 435 700 493 CICERONIS

457 610 494 644 DE

190 747 380 812 cannas
420 751 758 817 onnaonraus

387 911 565 992 arana,

376 1081 430 1122 Qua
448 1082 578 1125 mutauit

251 1196 257 1215 ¹
332 1202 613 1280 BRUTUS.

123 1561 149 1620 Ι.
170 1554 272 1618 Curre
286 1557 392 1618 Cilicia
405 1557 548 1616 decedens
568 1557 706 1618 Rhodum
725 1559 887 1618 venissem1

82 1651 114 1699 et
127 1659 163 1699 eo
177 1639 247 1696 mihi
261 1639 296 1696 de
309 1639 349 1701 Q.
365 1639 512 1698 Hortensii
533 1650 622 1698 morte
642 1651 717 1699 esset
738 1641 864 1714 allatum,

83 1719 218 1797 opinione
231 1719 358 1777 omnium
379 1719 514 1796 majorem
538 1721 633 1778 animo
653 1721 716 1798 cepi
729 1722 864 1782 dolorem.

84 1799 162 1858 Nam
177 1814 205 1857 et
216 1800 309 1858 amico
323 1801 425 1858 amisso
439 1819 505 1857 cum
520 1802 727 1860 consuetudine
737 1801 867 1878 jucunda

83 1890 146 1938 tum
161 1880 310 1938 multorum
324 1881 480 1938 officiorum
497 1881 700 1957 conjunctione
714 1901 760 1939 me
775 1882 866 1959 priva·

84 1970 146 2018 turn
160 1960 301 2029 videbam,
316 1970 344 2018 et
357 1960 473 2019 interitu
487 1960 551 2018 talis
567 1962 682 2038 auguris
696 1962 865 2039 dignitatem

84 2040 173 2098 nostri
187 2041 299 2118 collegii
312 2041 487 2098 deminutam
502 2040 650 2098 dolebam:
675 2061 731 2117 qua
745 2042 774 2099 in
788 2042 866 2119 cogi·

84 2120 192 2178 tatione
222 2131 251 2178 et
277 2131 438 2197 cooptatum
465 2139 510 2177 me
538 2121 573 2177 ab
600 2140 634 2178 eo
661 2121 690 2178 in
713 2122 865 2199 collegium

85 2299 158 2338 meae
179 2281 294 2352 fecerat,
309 2290 337 2338 et
351 2281 551 2357 inauguratum
567 2282 603 2338 ab
617 2282 737 2353 ecdem3
756 2302 792 2340 ex
808 2299 865 2357 quo

86 2380 227 2436 augurum
248 2361 383 2418 institutis
407 2360 435 2417 iu
450 2360 575 2436 parentia
597 2381 663 2420 eum
687 2362 750 2420 loco
771 2361 865 2418 colere

85 2440 235 2500 debebam.
289 2441 427 2532 Augebat
457 2441 542 2498 etiam
584 2442 752 2514 molestiam,
789 2440 889 2533 quoda

84 2538 194 2611 magna
213 2521 380 2597 sapientium
402 2521 507 2578 civium
533 2521 726 2598 bonorumque
745 2521 866 2596 penuria

83 2601 129 2658 vir
144 2600 275 2690 egregius
288 2601 593 2678 conjunctissimasque
607 2620 720 2660 mecum
735 2601 867 2662 consilio·

85 2698 150 2739 rum
177 2679 302 2738 omnium
322 2682 457 2739 societate
483 2682 655 2740 alienissimo
675 2681 716 2739 rei
742 2682 864 2758 publicae

85 2771 212 2837 tempore
233 2761 389 2820 exstinctus
412 2772 441 2819 et
463 2762 638 2820 auctoritatis
658 2770 687 2818 et
708 2763 864 2837 prudentiae

85 2862 146 2901 suae
173 2839 253 2898 triste
280 2841 361 2898 nobis
386 2842 559 2901 desiderium
587 2843 755 2918 reliquerat:
790 2844 866 2902 dolc-

85 2921 218 2998 bamqne,
233 2921 308 2997 quod
323 2940 390 2992 non,
405 2933 435 2980 ut
458 2923 584 3000 plerique
605 2923 752 2998 putabant,
768 2925 865 2982 adver·

86 3003 194 3062 aarium
216 3013 265 3061 aut
285 3002 504 3142 obqrectatorem
527 3004 642 3062 laudum
665 3023 799 3063 mearum
813 3003 873 3060 eea
