1986 3450
139 227 179 287 80
240 227 286 276 DE
309 227 436 278 CLARIS
458 226 773 285 ORATORIBUS,CA1³.
790 230 831 276 Ἡ.

140 391 215 464 saepe
229 373 384 432 constituta
398 382 441 431 est
465 371 667 449 imperatorum
691 373 835 450 sapientia
848 374 930 433 salus

139 453 264 512 civitatis
278 466 326 512 aut
341 446 407 512 belli
422 463 482 510 aut
480 453 570 523 domi,
584 453 674 511 multo
694 473 818 531 magnus
831 466 929 514 orator

138 546 254 625 prestat
268 536 385 593 minutis
406 499 629 608 imperatoribus.
673 535 713 592 At
732 535 849 612 prodest
861 535 928 612 plus

138 611 298 692 imperator.
332 613 409 675 Quis
422 614 531 690 negatl
552 614 602 671 sed
616 625 712 673 tamen
728 615 800 691 (non
817 627 925 684 metuo,

138 714 176 753 ne
202 696 273 753 mihi
301 694 485 753 acclametis:
506 704 550 751 est
577 706 683 766 autem,
705 696 780 771 quod
804 696 951 775 senuas„

139 775 257 835 dicendi
291 774 362 832 liber
389 775 483 854 locus)
518 775 615 832 malim
643 740 720 833 mihi
752 777 785 835 L.
823 775 925 844 Crassi

138 874 226 914 unum
240 873 291 932 pro
304 852 356 912 Μ’.
372 855 460 914 Curio
474 854 630 915 dictionem
649 873 734 933 quam
749 855 925 915 castellanos

138 935 295 1010 triumphos
314 936 394 996 duos.
436 936 477 993 At
496 934 560 1011 plus
581 935 711 994 interfuit
733 936 923 1012 reipublice

138 1016 286 1073 castellum
321 1016 385 1092 capi
419 1015 556 1091 Ligurum
588 1016 777 1092 quambene
804 1016 923 1075 defendi

86 1113 254 1156 asrcausam
277 1096 328 1155 Μ’.
351 1095 440 1156 Curii.
476 1094 580 1152 Credo.
601 1097 674 1155 -Sed
696 1096 922 1159 Atheniensium

136 1195 248 1253 quoque
269 1177 332 1254 plus
356 1175 483 1234 interfuit
508 1175 591 1233 firma
614 1187 692 1234 tecta
717 1177 745 1234 in
766 1177 923 1236 domiciliis

136 1256 243 1316 habere
256 1277 340 1334 quam
355 1255 492 1315 Minerrae
507 1255 621 1333 signum
640 1270 676 1314 e‘x
690 1257 778 1315 ebore
789 1256 923 1334 pulcher·

136 1337 257 1408 rimum;
279 1349 373 1396 tamen
400 1356 454 1414 ego
479 1355 527 1393 me
552 1336 685 1396 Phidiam
713 1356 776 1395 esse
804 1337 921 1396 mallem

134 1437 220 1494 quam
244 1419 286 1477 vel
313 1418 450 1508 optimum
474 1416 586 1474 fabrum
610 1417 775 1495 tignarium.
816 1417 920 1480 Quare

135 1506 204 1591 non,
218 1509 355 1576 quantum
369 1498 487 1575 quisque
501 1497 599 1574 prosit,
615 1498 664 1556 sed
686 1497 785 1573 quanti
799 1497 922 1575 quisque

134 1579 180 1648 sit,
194 1579 416 1670 ponderandum
422 1588 479 1649 est,
489 1577 645 1654 prasertim
660 1597 734 1637 cum
757 1578 844 1669 pauci
858 1579 922 1655 pin·

133 1678 200 1736 gere
215 1659 329 1736 egregie
344 1657 451 1735 possint
465 1668 514 1716 aut
537 1657 665 1750 fingere3
684 1657 808 1735 operarii
823 1672 921 1731 autem

84 1748 184 1796 aasaut
211 1739 297 1815 bajuli
324 1738 424 1796 deesse
451 1756 508 1796 non
536 1739 653 1815 possint.
695 1738 837 1798 LXXIV.
860 1740 921 1798 Sed

133 1837 231 1895 perge,
245 1819 394 1895 Pomponi,
415 1820 452 1876 de
477 1818 610 1891 Cesare,
617 1831 654 1877 et
670 1820 770 1891 redde,
790 1839 854 1897 quaa
865 1832 922 1879 re-

133 1910 219 1958 Stant

173 1978 272 2038 Solum
286 1977 412 2069 quidem,
428 1977 518 2053 inquit
533 1978 591 2051 ille,
588 1988 633 2038 et
651 1998 733 2057 quast
724 1924 922 2038 fuuddmen·

132 2068 194 2116 tum
220 2057 338 2117 oratoris
363 2057 443 2117 vides
470 2025 644 2118 locutioirem
678 2060 862 2119 emendatam
891 2073 922 2119 et

133 2136 285 2210 Latinam3
307 2137 389 2214 cujus
402 2146 491 2215 penes
504 2160 575 2216 quos
588 2141 651 2199 laus
671 2142 767 2199 adhuc
781 2139 845 2213 suit,
859 2160 920 2200 non

133 2219 186 2278 suit
199 2219 317 2278 rationis
332 2229 380 2276 aut
394 2220 521 2279 scientie
535 2222 586 2279 sed
600 2221 681 2298 quasi
702 2221 783 2280 bouae
798 2239 920 2280 consue·

133 2300 249 2359 tudinis.
292 2298 377 2362 Mitto
399 2302 433 2359 C.
449 2301 580 2373 Laelium,
595 2301 810 2378 P.-Scipionem
821 2321 828 2372 ;
851 2313 921 2363 aete·

133 2381 169 2439 tis
183 2381 258 2440 illius
273 2381 326 2438 ista
347 2378 399 2437 luit
421 2380 483 2439 laus
504 2391 649 2457 tamquam
674 2381 848 2441 innocentie
874 2383 919 2442 sic

132 2463 237 2522 Latine
251 2459 383 2537 loquendi
396 2479 403 2530 ;
425 2463 621 2520 necomnium
637 2472 751 2519 tamen:
773 2481 841 2520 narn
857 2462 920 2522 illo-

132 2561 195 2600 rum
210 2543 332 2619 equales
345 2540 497 2600 Caecilium
520 2554 549 2600 et
569 2542 728 2601 Pacuvium
742 2542 824 2606 ,mule
838 2543 920 2602 locu·

132 2631 176 2680 tos
202 2622 449 2682 videmussed
477 2641 577 2681 omnes
604 2632 664 2679 tum
691 2623 761 2694 lere,
787 2623 835 2699 qui
860 2643 920 2682 nec

132 2711 212 2760 extra
226 2706 324 2762 urbem
341 2703 418 2759 hanc
432 2702 572 2773 vixerant,
586 2721 642 2760 nec
663 2721 713 2761 eos
738 2669 833 2778 aliqua
854 2703 920 2762 bar·

132 2780 228 2839 baries
240 2782 395 2842 domestica
409 2782 611 2853 infuscaverat,
625 2795 704 2843 recte
718 2783 917 2861 loquebantur

132 2859 191 2919 Sed
206 2862 282 2922 hanc
296 2874 373 2922 certe
386 2881 446 2920 rem
465 2829 635 2922 deteriorein
658 2874 783 2923 vetustas
804 2864 874 2922 fecit
888 2876 919 2923 et

131 2941 235 3001 Rome
263 2953 292 3001 et
318 2945 347 3002 iu
375 2943 497 3002 Graecia
547 2943 756 3004 Confluxerunt
781 2945 860 3002 enim
887 2955 919 3004 et

131 3025 263 3082 Athenas
276 3033 305 3081 et
326 3023 355 3081 in
380 3025 456 3084 hanc
478 3027 578 3084 urbem
602 3026 684 3084 multi
706 3025 855 3102 inquinate
877 3025 918 3084 lo·

130 3113 250 3180 quentes
263 3123 299 3163 ex
313 3102 433 3165 dirersis
445 3105 525 3166 locis.
559 3107 630 3170 Quo
643 3106 736 3185 magis
749 3124 917 3184 expurgan-
