1986 3450
118 264 154 323 lt
213 261 260 309 on
283 256 409 309 suanis
434 259 663 319 ouaromnus
680 261 748 309 cs».
767 262 804 307 rs.

116 406 233 466 dicendi
246 425 309 464 esse
322 406 480 483 negavisse,
496 406 621 466 scribere
644 415 738 464 autem
761 403 823 462 aliis
837 403 903 462 soli·

116 498 177 546 tum
191 487 342 557 orationes,
356 487 459 561 quibus
474 487 502 543 in
525 487 642 563 judiciis
663 496 828 545 uterentur:
850 485 901 543 sed

117 586 184 627 cum
198 589 234 626 ex
247 586 281 625 eo
297 567 377 642 (quia
390 567 471 643 quasi
486 569 674 626 committeret
685 578 786 625 contra
795 566 901 642 legem,

116 668 173 725 quo
186 648 250 725 quis
260 647 370 725 judicio
395 647 664 728 circumveniretur)
690 666 765 723 saepe
788 646 847 722 ipse
870 646 901 703 in

115 728 262 805 judicium
271 738 430 799 vocaretur,
444 729 586 786 orationes
601 729 663 786 aliis
677 726 818 785 destitisse
833 725 903 783 scri-

118 809 186 869 bere
200 820 345 882 totumque
360 827 391 865 se
407 809 441 866 ad
458 820 531 866 artes
554 808 765 885 componendas
779 818 904 863 transtu-

82 900 107 942 tu
117 888 193 946 lisso.
227 884 324 947 ΧΙΙΙ.4
338 887 376 946 Et
387 888 508 949 Graeciae
519 889 634 964 quidem
648 899 789 946 oratorum
804 897 903 963 partus

120 980 203 1044 atque
225 967 317 1025 fontes
340 968 419 1026 vides
445 971 480 1026 ad
505 979 664 1027 nostrorum
687 967 834 1025 annalium
859 985 904 1024 ra-

118 1043 359 1119 tionem‘veteres‚
374 1049 410 1106 ad
425 1049 547 1126 ipsoram
562 1068 631 1106 sane
645 1058 784 1113 recentes.
824 1045 853 1103 N
857 1064 904 1104 am

121 1139 272 1204 autequam
288 1128 430 1187 delectata
443 1141 486 1187 est
497 1129 719 1189 Atheniensium
733 1128 832 1186 civitas
847 1127 904 1185 hac

118 1208 202 1267 laude
216 1208 343 1289 dicendi,
358 1209 446 1285 multa
466 1210 526 1286 jam
552 1208 746 1267 memorabilia
767 1218 796 1266 et
810 1207 839 1265 in
854 1207 904 1265 do·

119 1289 246 1352 mesticis
259 1300 288 1347 et
302 1289 332 1347 in
355 1289 464 1347 bellicis
486 1290 570 1348 rebus
590 1290 733 1347 effecerat.
775 1288 840 1347 Hoc
855 1306 905 1344 au-

120 1379 176 1428 tem
191 1369 316 1427 studium
330 1388 386 1428 non
400 1381 461 1428 erat
476 1378 626 1429 commune
641 1368 762 1428 Graecise
776 1369 826 1426 sed
842 1386 904 1444 pro·

84 1450 429 1528 ⁵⁰prium·Athenarum.
477 1450 554 1513 Quis
581 1450 658 1508 enim
687 1459 735 1506 aut
763 1448 904 1525 Argivum

119 1540 258 1590 oratorem
287 1542 335 1589 aut
362 1531 542 1588 Corinthium
571 1540 619 1588 arrt
647 1528 820 1587 Thebanum
846 1527 904 1584 scit

120 1611 207 1670 fuisse
222 1610 394 1686 temporibus
408 1611 480 1669 illisl
497 1611 552 1669 nisi
566 1610 633 1686 qui'd
645 1611 681 1667 de
693 1607 904 1685 Epaminonda,

121 1690 206 1749 docto
230 1690 355 1760 homine,
370 1691 508 1767 suspicari
531 1691 609 1749 libet.
651 1688 904 1765 Lacedaemonium

121 1788 188 1827 vero
198 1787 286 1843 usque
301 1769 405 1829 adhoc
419 1780 530 1847 ternpus
545 1770 639 1829 audivi
651 1770 737 1828 fuisse
749 1769 903 1827 neminem.

70 1872 75 1881 ·
122 1849 289 1909 Menelaum
314 1849 415 1925 ipsum,
440 1850 554 1907 dulcem
577 1850 656 1919 illum
679 1850 794 1927 quidem
819 1848 907 1906 tradit

123 1931 267 1997 Homerus
280 1929 330 1985 sed
352 1948 445 2006 pauca
464 1930 617 1991 dicentem.
659 1929 787 2005 Breuitas
809 1938 906 1985 autem

121 2009 185 2071 laus
198 2020 241 2066 est
255 2008 398 2067 interdum
414 2009 443 2067 in
459 2011 553 2087 aliqua
565 2022 648 2088 parte⁸
656 2002 785 2081 dicendi,
800 2008 830 2066 in
842 2007 907 2066 uni-

86 2102 204 2147 srversa
230 2088 392 2165 eloquentia
415 2090 530 2149 laudem
558 2111 616 2150 non
641 2091 736 2150 habet.
763 2090 818 2148 ‘At
839 2107 908 2146 vero

123 2179 203 2228 extra
226 2168 370 2229 Graeciam
391 2189 497 2248 magna
520 2171 637 2230 dicendi
658 2171 753 2230 studia
780 2169 905 2240 luerunt,

123 2249 295 2327 maximique
323 2250 390 2309 huic
423 2251 501 2315 laudi
533 2252 622 2310 habiti
650 2252 770 2310 honores
797 2249 907 2308 illustre

122 2341 264 2390 oratorum
280 2351 384 2389 nomen
399 2331 585 2390 reddiderunt
635 2331 712 2389 Nam
734 2342 765 2390 ut
784 2327 872 2388 semel
887 2347 906 2386 e

122 2409 233 2471 Piraeeo
247 2410 408 2488 eloquentia
432 2423 532 2471 evecta
555 2423 607 2485 est,
622 2430 722 2470 omnes
744 2407 908 2488 peragravit

123 2490 241 2563 insulas,
256 2502 340 2568 utque
353 2492 393 2550 ita
405 2493 586 2570 peregrinata
600 2502 659 2551 tota
675 2492 747 2552 Asia
760 2501 814 2562 est,
829 2500 860 2548 ut
873 2507 905 2545 se

123 2572 247 2630 externis
260 2572 399 2631 oblineret
412 2574 546 2645 moribus,
560 2591 731 2650 omnemque
742 2571 820 2630 illam
833 2568 907 2627 salu·

124 2649 255 2711 britatem
270 2652 376 2712 Attice
391 2652 524 2712 dictionis
537 2663 566 2713 et
586 2653 667 2730 quasi
681 2652 831 2711 sanitatem
845 2667 909 2726 per·

124 2730 214 2802 deret,
229 2751 263 2790 ac
276 2733 352 2810 loqui
372 2753 454 2810 paene
475 2734 644 2793 dedisceret
686 2734 767 2792 Hinc
781 2728 907 2792 Asiatici

123 2819 249 2870 oratores
262 2833 318 2873 non
332 2814 533 2872 contemnendi
546 2814 661 2890 quidem
685 2832 741 2872 nec
760 2809 907 2872 celeritate

124 2909 181 2950 nec
195 2892 278 2969 copia
288 2895 338 2952 sed
352 2913 452 2972 parum
466 2894 554 2972 pressi
565 2905 593 2952 et
606 2893 692 2952 nimis
703 2886 907 2952 redundantes.

88 2971 234 3030 saRhodii
257 2975 384 3033 saniores
407 2985 437 3033 et
461 2975 622 3033 Atticorum
647 2975 805 3033 similiores.
847 2969 908 3028 Sed

125 3053 161 3111 de
180 3051 291 3113 Grecis
312 3056 469 3115 hactenus:
490 3053 596 3115 etenim
618 3056 681 3114 haec
705 3055 767 3132 ipsa
788 3050 907 3112 forsitan

118 3132 238 3197 rueram
248 3153 307 3197 nun
320 3134 493 3199 necessaria.
534 3134 614 3197 Tum
626 3135 742 3209 Brutus,
755 3135 817 3195 Ista
830 3149 909 3203 vero,
