1986 3450
148 249 168 306 6
255 248 301 296 DE
323 243 447 296 CLARIS
469 245 698 303 ORATORIBUS,
715 247 784 295 Can.
802 249 824 296 5.

112 410 137 451 ιε
147 393 184 452 V.
207 393 246 451 At
260 413 335 466 vero,
350 393 476 470 inquam,
488 392 539 452 tibi
552 410 616 469 ego,
631 391 728 464 Brute,
741 412 797 451 non
812 394 928 468 solvam,

147 473 203 533 nisi
223 475 301 556 prius
322 484 380 531 ate
395 493 497 532 cavero
511 473 630 549 amplius
650 475 820 532 eonomine
840 477 929 534 nemi·

146 572 223 627 nem,
238 555 320 632 eujus
340 554 439 631 petitio
452 554 498 625 sit,
518 553 689 630 petiturum·
722 553 798 623 Non,
819 558 929 615 meher-

147 635 222 707 cule,
256 634 356 710 inquit,
388 635 440 692 tibi
473 633 667 710 repromittere
701 633 775 692 istuc
812 636 927 710 quidem

147 714 256 773 ausim:
277 734 344 772 nam
359 712 447 788 huno,
461 715 509 790 qui
524 724 620 790 negat,
634 713 717 771 video
728 713 927 792 flagitatorem,

145 810 203 852 non
229 794 308 852 illum
322 795 436 870 quidem
460 795 511 853 tibi
536 793 685 851 molestum
707 794 756 852 sed
782 795 927 854 assiduum

146 885 242 932 tamen
271 884 299 932 et
327 893 422 933 aerem
444 876 512 932 lore.
553 872 632 931 Tum
660 873 842 950 Pomponius,
863 876 928 954 Ego

145 972 222 1028 vero,
238 954 338 1030 iuquit,
353 955 473 1013 Brutum
487 953 559 1012 nihil
577 953 691 1011 mentiri
704 965 780 1035 puto.
821 956 928 1016 Videor

145 1034 224 1092 enirn
240 1034 300 1119 jam
322 1043 351 1092 te
376 1055 496 1094 ausurus
526 1053 589 1091 esse
614 1033 765 1111 appellare,
792 1037 928 1112 quoniam

144 1113 230 1192 longo
251 1115 399 1173 intervallo
413 1110 497 1173 modo
511 1114 633 1192 primum
649 1115 836 1173 animadverti
849 1118 928 1195 paul·

109 1209 133 1250 rt
144 1192 172 1253 lo
185 1204 214 1253 te
228 1195 398 1253 hilariorem.
427 1195 538 1271 Itaque,
552 1194 685 1269 quoniam
701 1195 759 1267 hio,
768 1197 843 1273 quod
857 1198 928 1256 mihi

143 1269 305 1346 deberetur,
320 1294 351 1333 se
365 1286 531 1334 exacturum
545 1274 687 1350 professus
700 1285 753 1346 est,
770 1277 845 1352 quod
859 1278 928 1336 huie

144 1355 242 1423 debes,
267 1374 321 1433 ego
346 1375 362 1414 a
386 1366 414 1414 te
440 1369 514 1433 peto.
555 1352 705 1415 Quidnam
728 1356 781 1413 idl
802 1356 926 1432 iuquam.

144 1433 183 1495 Ut
216 1437 335 1506 scribas,
363 1436 464 1512 inquit,
488 1434 613 1510 aliquid:
644 1435 815 1511 jampridem
847 1439 925 1497 enim

144 1517 346 1575 conticuerunt
369 1527 426 1574 tuae
454 1515 552 1574 literae.
596 1514 673 1572 Nam
693 1528 726 1574 ut
749 1517 812 1576 illos
835 1517 871 1574 de
895 1538 927 1577 re

143 1597 260 1677 publiea
286 1596 373 1654 libros
400 1596 525 1666 edidisti,
548 1595 618 1657 nihil
640 1605 705 1653 ate
733 1616 803 1656 sane
829 1607 928 1675 postea

145 1677 328 1753 accepimus:
344 1676 441 1754 eisque
456 1676 634 1754 nosmetipsi
649 1677 685 1733 ad
698 1688 825 1736 veterum
840 1697 928 1737 anna·

142 1754 213 1813 lium
225 1755 390 1813 memoriam
405 1757 702 1833 comprehendendam
718 1757 831 1834 impulsi
842 1769 928 1836 atque

143 1834 256 1894 iuoeuai
271 1855 378 1894 sumus.
420 1836 478 1893 Sed
500 1837 558 1910 illa,
580 1855 646 1895 oum
660 1837 774 1917 poteris,
790 1849 874 1913 atque
895 1851 927 1898 ut

144 1915 244 1996 possis,
265 1934 341 1997 rogo.

184 1993 273 2054 Nune
293 2015 369 2067 vero,
391 1994 493 2071 inquit,
508 1996 531 2054 si
545 2016 577 2055 es
591 1997 687 2056 animo
700 2015 801 2070 vacuo,
815 2017 927 2076 expone

144 2074 235 2151 nobis,
257 2076 332 2154 quod
352 2077 512 2153 quaerimus.
554 2078 704 2140 Quidnam
731 2088 775 2136 est
804 2078 856 2136 id‘l
884 2080 927 2138 iu-

143 2174 237 2233 quam.
278 2156 367 2219 Quod
389 2156 459 2214 mihi
479 2176 570 2234 nuper
584 2159 614 2216 in
635 2157 804 2217 Tusculano
827 2159 928 2219 inoho·

144 2235 198 2294 asti
224 2237 260 2294 de
279 2237 447 2308 oratoribus,
468 2237 582 2313 quando
608 2257 671 2296 esse
693 2239 856 2316 ooepisseut,
876 2241 926 2315 qui

142 2315 240 2390 etiam,
261 2326 290 2374 at
309 2318 407 2394 quales
426 2317 553 2376 luissent.
580 2318 679 2381 Quem
699 2337 753 2396 ego
765 2338 925 2379 sermonem

144 2416 211 2458 oum
233 2398 269 2455 ad
283 2397 403 2458 Brutum
416 2408 508 2467 tuum,
523 2399 566 2456 vel
587 2408 713 2457 nostrum
726 2398 831 2476 potius,
845 2400 927 2459 detu-

143 2477 250 2551 lissem,
272 2497 376 2558 magno
401 2496 486 2559 opere
507 2478 555 2536 hic
577 2479 675 2537 audire
696 2498 727 2536 se
752 2479 823 2538 velle
844 2480 925 2539 dixit.

144 2555 245 2636 Itaque
269 2559 347 2618 hune
370 2558 510 2637 elegimus
534 2559 620 2630 diem,
648 2577 714 2616 oum
734 2569 763 2617 te
786 2561 925 2619 sciremus

145 2655 208 2695 esse
227 2657 359 2698 vacuum.
399 2638 511 2710 Quare,
538 2639 563 2697 si
589 2639 642 2697 tibi
664 2649 708 2697 est
731 2642 924 2714 oommodum,

106 2731 133 2777 ru
145 2716 199 2775 ade
212 2717 270 2787 illa,
283 2739 347 2796 quar
367 2737 505 2796 eoeperas,
527 2730 556 2777 et
576 2719 664 2779 Bruto
687 2729 716 2777 et
739 2720 819 2779 mihi.
860 2720 925 2812 Epo

144 2815 222 2868 vero,
247 2797 373 2890 inquam,
403 2799 428 2858 si
454 2810 583 2877 potuero,
604 2798 709 2879 luciam
738 2799 817 2859 vobis
844 2812 923 2860 satis.

144 2875 264 2951 Poteris,
286 2880 396 2956 mquitr
418 2879 514 2937 relaxa
536 2880 620 2938 modo
633 2879 760 2957 paullum
784 2878 924 2955 animum,

144 2967 194 3017 aut
214 2975 293 3030 saue,
307 2960 331 3016 si
350 2971 440 3039 potes,
453 2958 552 3018 libera.

182 3035 294 3116 Nempe
315 3039 400 3118 igitur
414 3040 483 3099 hino
503 3048 573 3112 tum,
588 3039 736 3120 Pomponi,
761 3040 866 3099 duetus
879 3051 925 3100 ast

133 3136 241 3194 sermo,
262 3119 420 3198 quoderat
446 3138 463 3178 a
491 3138 536 3180 ma
563 3121 670 3186 mentio
695 3121 772 3183 lauta
803 3139 923 3182 eausam
