1986 3450
193 216 241 265 DE
262 216 388 267 CLARIS
410 216 642 276 ORATORIBUS,
659 218 728 267 Car.
744 220 783 267 el.
841 217 881 276 99

98 360 315 436 ercitationibus
328 362 458 422 oratoriis
478 363 574 421 nullus
594 363 655 421 dies
668 380 777 422 vacuus
796 372 880 420 esset.

97 442 318 502 commentabar
340 443 529 502 declamitans
552 442 609 521 (sic
631 444 711 501 enim
741 462 820 503 nunc
841 443 929 508 lo·310

97 527 234 602 quantur)
251 523 462 601 saepecumM.
482 525 586 582 Pisone
610 534 719 582 etcum
743 525 784 586 Q.
799 523 881 581 Pom-

96 604 161 681 peio
185 616 234 662 aut
258 625 325 665 cum
350 605 443 681 aliquo
466 604 609 682 quotidie;
632 605 715 690 idque
739 604 880 662 faciebam

97 685 218 742 multum
245 687 331 744 etiam
361 685 463 743 Latine
489 686 539 742 sed
564 682 686 744 Graece
694 686 808 762 saepius,
837 683 879 741 vel

95 766 172 841 quod
187 765 291 826 Graeca
303 767 392 824 oratio
405 766 485 843 plura
507 778 676 824 ornamenta
696 766 880 844 suppeditans

96 848 335 904 consuetudinem
346 847 474 904 similiter
488 846 592 904 Latine
606 847 721 905 dicendi
733 846 879 915 afferebat,

96 925 141 982 vel
156 928 231 1002 quod
245 946 262 984 a
275 927 384 986 Graecis
395 927 522 987 summis
527 928 699 998 doctoribus,
711 928 766 987 nisi
759 927 879 986 Graece

96 1005 234 1079 dicerem,
262 1027 352 1100 neque
378 1008 482 1103 corrigi
509 1027 619 1085 possem
654 1027 745 1083 neque
772 1007 878 1067 doceri.

96 1053 274 1147 Tumultris
268 1089 380 1150 interim
394 1108 444 1165 pro
444 1082 655 1164 recuperanda
676 1107 707 1145 re
723 1088 836 1164 publica
850 1101 879 1146 et
889 1114 928 1156 ³11

97 1167 242 1225 crudelis
235 1169 365 1227 interitus
378 1181 521 1227 oratorum
537 1169 632 1239 trium,
645 1169 795 1238 Scaevolae,
809 1169 879 1227 Car-

97 1247 189 1319 bonis,
205 1250 339 1308 Antistii:
361 1250 470 1308 reditus
492 1251 595 1318 Cottae,
611 1247 755 1317 Curionis,
770 1249 878 1318 Crassi,

96 1327 293 1401 Lentulorum,
308 1330 455 1405 Pompeii:
476 1329 555 1406 leges
570 1339 598 1386 at
618 1327 730 1404 judicia
743 1329 879 1386 constitu.

95 1418 145 1466 ta:
166 1421 335 1487 recuperata
358 1409 555 1486 respublica:
578 1428 614 1466 ex
637 1427 764 1477 numero,
784 1420 879 1465 autem
931 1429 936 1436 ·

94 1500 240 1548 oratorum
260 1490 446 1564 Pomponius,
461 1488 647 1560 Censorinus,
665 1489 798 1547 Muraena
814 1488 879 1546 snb-

95 1568 156 1628 lati.
198 1570 276 1628 Tum
291 1571 414 1646 primum
428 1588 480 1628 nos
494 1569 529 1626 ad
550 1588 653 1626 causas
664 1580 699 1626 et
712 1569 836 1644 privatas
849 1584 879 1627 et

94 1650 226 1726 publicas
241 1650 320 1707 adire
334 1649 483 1726 caepimus,
497 1669 552 1707 non
579 1662 609 1707 ut
631 1649 660 1707 in
683 1649 742 1707 soro
755 1649 879 1708 discere·

95 1749 171 1797 mus,
195 1730 270 1805 quod
290 1729 416 1806 plerique
440 1730 579 1798 secarunt,
601 1730 650 1788 sed
675 1741 715 1801 ut,
739 1740 878 1806 quantum

94 1829 148 1868 nos
168 1810 282 1869 efficere
302 1810 501 1887 potuissemus,
515 1810 600 1868 docti<
612 1811 641 1869 in
664 1809 754 1869 lorum
769 1811 878 1868 venire·

94 1910 168 1950 mus.
211 1890 319 1949 Eodem
334 1903 461 1967 tempore
476 1891 586 1950 Moloni
600 1891 731 1955 dedimus
744 1909 877 1967 operam:
889 1919 929 1959 ³12

93 1972 234 2030 dictatore
260 1971 338 2029 enim
373 1972 454 2030 Sulla
479 1973 591 2050 legatus
619 1971 654 2029 ad
681 1982 812 2030 senatum
842 1973 878 2030 de

94 2052 275 2111 Rhodiorum
289 2053 413 2128 praemiis
424 2065 548 2111 venerat.
577 2053 677 2127 Itaque
688 2052 779 2128 prima
791 2072 880 2111 causa

93 2134 211 2209 publica
224 2153 275 2210 pro
290 2134 356 2191 Sex.
372 2132 482 2191 Roscio
503 2133 581 2191 dicta
605 2142 714 2190 tantum
735 2152 879 2191 commen·

94 2213 218 2272 dationis
233 2213 342 2284 habuit,
357 2223 389 2270 ut
402 2233 458 2271 non
472 2213 531 2270 ulla
544 2222 628 2283 esset,
641 2232 704 2288 quae
718 2232 774 2270 non
790 2214 879 2288 digna

94 2304 192 2352 nostro
204 2292 364 2370 patrocinio
377 2293 529 2350 videretur.
559 2291 716 2370 Deinceps
727 2294 794 2351 inde
809 2292 879 2348 mul·

93 2385 141 2445 tae,
152 2393 226 2451 quas
237 2393 296 2432 non
311 2374 407 2431 minus
421 2373 571 2450 diligenter
592 2371 752 2433 elaboratas
765 2381 795 2430 et
808 2381 879 2428 tam·

93 2473 179 2530 quam
195 2454 377 2512 elucubratas
392 2454 588 2512 afferebamus.

135 2535 216 2594 XCI.
245 2533 388 2611 Nunc‚q
390 2534 504 2592 uoniam
526 2545 616 2591 totum
638 2553 684 2591 ma
711 2550 769 2590 non
797 2549 878 2590 navo
888 2559 928 2600 313

94 2613 189 2691 aliquo
204 2628 252 2672 aut
270 2615 435 2693 crepundiis
457 2604 506 2672 sed
531 2633 646 2690 corpore
668 2611 746 2671 omni
771 2610 877 2670 videris

93 2695 167 2752 velle
201 2714 386 2772 cognoscere,
414 2695 586 2785 complectar
614 2692 751 2752 nonnulla
778 2693 876 2767 etiam,

93 2794 158 2852 quae
173 2776 291 2833 sortasse
306 2776 455 2834 videantur
480 2775 574 2833 miuus
594 2772 766 2832 necessaria.
807 2741 879 2832 Eral

91 2875 128 2914 cc
143 2867 269 2932 ternpore
284 2855 313 2912 in
329 2856 409 2914 nobis
423 2875 534 2914 summa
559 2854 705 2932 gracilitas
718 2864 747 2910 et
762 2853 879 2912 infirmi·

91 2947 137 2994 tas
162 2936 306 3013 corporis;
327 2955 475 3013 procerum
503 2948 533 2995 et
564 2946 650 2992 tenue
684 2934 805 3005 collum;
828 2932 876 3008 qui

92 3017 209 3075 habitus
223 3026 252 3073 et
265 3037 327 3094 quae
342 3017 433 3094 figura
447 3036 503 3075 non
525 3014 623 3093 procul
649 3014 747 3073 abesse
762 3024 877 3092 putatur

92 3117 111 3156 a
124 3096 189 3157 rite
202 3095 340 3176 periculo,
355 3097 379 3156 si
394 3097 508 3156 accedit
520 3096 600 3155 labor
626 3105 655 3155 ct
674 3096 797 3156 laterum
819 3112 878 3153 ma·
