1986 3450
158 212 205 262 nn
225 212 351 264 carrus
373 213 603 277 cremamus,
620 215 690 264 en.
706 217 803 268 cs-or.
833 221 873 282 oo

94 375 198 418 nomen
224 370 306 421 esset.
348 361 394 420 lta
421 359 581 420 carendum
607 371 660 434 est,
687 363 815 440 nequid
842 365 872 424 in

95 440 206 515 agendo
218 440 376 499 dicendove
390 440 489 515 facias,
504 441 586 517 cujus
599 439 720 501 imitatio
737 443 871 503 rideatur.

94 517 208 578 LXIII.
231 522 289 578 Sed
302 522 336 579 ad
350 521 444 597 paullo
457 522 628 598 superiorem
643 533 755 581 aetatem
766 525 872 584 revecti

95 618 210 658 sumus:
231 621 310 659 nunc
325 602 448 673 adeam,
463 602 500 659 de
512 621 568 679 qua
589 602 764 679 aliquantum
783 605 872 664 locuti

94 698 203 753 sumus,
223 693 403 740 revertamur.

134 761 315 839 conjunctus
341 761 426 841 igitur
441 763 573 842 Sulpicii
596 765 672 824 aetati
692 765 725 826 P.
753 765 920 825 Antisti-ccc

95 860 131 902 us
167 842 221 900 suit
257 843 356 901 rabula
389 862 459 902 sane
492 846 654 922 probabilis,
688 846 736 922 qui
769 847 873 905 multos

94 941 163 982 curn
197 922 332 983 tacuisset
365 943 454 983 annos
481 944 574 1002 neque
608 927 754 985 contemni
780 929 871 987 solum

95 1004 148 1063 aed
176 1002 285 1062 irrideri
314 1005 399 1064 etiam
427 1005 525 1064 solitus
552 1016 635 1075 esset,
664 1007 694 1065 in
726 1008 871 1067 tribunatu

94 1085 218 1166 prImum
233 1096 331 1147 contra
353 1086 387 1146 Ο.
403 1086 573 1163 Juliiillam
596 1088 759 1147 consulatus
779 1088 872 1165 petiti·

93 1185 179 1226 onem
192 1168 445 1229 extraordinariam
467 1187 562 1226 veram
588 1186 704 1226 causam
727 1187 815 1245 agens
829 1179 876 1226 est

94 1248 229 1326 probatus
241 1270 248 1320 ;
270 1260 299 1307 et
323 1268 358 1308 eo
379 1249 480 1326 magis,
502 1247 587 1324 quod,
611 1247 733 1305 eandem
756 1266 872 1306 causam

95 1347 163 1388 cum
176 1339 273 1407 ageret
285 1329 348 1406 ejus
362 1330 482 1406 collega,
500 1329 547 1386 ille
572 1327 631 1404 ipse
656 1326 811 1403 Sulpicius,
825 1327 881 1386 hic.

95 1408 176 1486 plura
188 1421 217 1469 et
231 1412 359 1468 acutiora
377 1409 500 1467 dicebat.
543 1407 644 1482 Itaque
666 1417 729 1482 post
749 1407 875 1467 tribuna·

95 1499 156 1548 tum
170 1491 262 1566 primo
278 1490 373 1548 multae
389 1489 503 1546 adeum
519 1507 623 1561 causae,
639 1487 743 1544 deinde
764 1506 873 1560 omnes,

94 1569 227 1628 maximae
241 1587 428 1645 quacumque
442 1578 532 1639 erant,
547 1566 755 1626 deferebantur.
797 1566 873 1626 Rem
884 1585 922 1626 aar

92 1649 211 1708 videbat
225 1660 319 1720 acute,
344 1648 532 1725 componebat
552 1648 712 1726 diligenter,
737 1648 875 1707 memoria

92 1728 225 1787 valebat:
247 1728 340 1786 verbis
353 1748 410 1787 non
425 1728 472 1788 ille
485 1728 599 1804 quidem
612 1727 720 1787 ornatis
742 1729 873 1789 utebatur

92 1810 147 1867 sed
168 1820 263 1867 tamen
285 1829 342 1867 uon
365 1808 490 1886 abjectis.
531 1807 673 1885 Expedita
696 1820 790 1869 autem
812 1821 874 1868 erat

92 1899 125 1949 et
137 1889 273 1967 perfacile
287 1908 405 1948 currens
417 1889 515 1951 oratio.
555 1889 595 1949 Et
610 1899 672 1948 erat
684 1888 744 1966 ejus
758 1890 873 1967 quidem

92 1979 238 2046 tamquam
254 1970 367 2028 habitus
380 1989 436 2028 non
451 1969 625 2029 inurbanus:
647 1969 722 2029 actio
746 1970 873 2047 paullum

94 2056 162 2108 c'um
176 2051 244 2109 vitio
257 2049 335 2109 vocis
349 2060 409 2108 tum
433 2049 519 2109 etiam
544 2050 658 2127 ineptiis
682 2051 871 2110 claudicabat.

95 2129 156 2189 IIic
169 2131 342 2208 temporibus
356 2129 449 2189 floruit
463 2131 507 2199 iis,
520 2130 623 2206 quibus
637 2129 711 2203 inter
724 2131 874 2207 profectio·

94 2229 163 2269 nem
177 2213 355 2287 reditumque
374 2210 408 2268 L.
423 2210 587 2270 Sullaesine
605 2209 668 2286 jure
692 2210 745 2269 fuit
767 2222 797 2270 et
810 2211 872 2269 sinc

95 2290 154 2349 ulla
169 2292 308 2370 dignitate
322 2310 367 2349 res
384 2289 508 2367 publica.
550 2289 617 2348 Hoc
638 2289 723 2348 etiam
747 2290 870 2370 [autem]

94 2372 187 2450 magis
201 2372 380 2450 probabatur,
394 2371 469 2449 quod
483 2381 543 2431 erat
568 2371 604 2428 ab
626 2371 785 2430 oratoribus
798 2390 873 2445 quae·

94 2451 162 2509 dam
176 2452 205 2511 in
221 2453 280 2511 loro
292 2451 423 2511 solitudo
460 2450 603 2529 Sulpicius
616 2451 772 2521 occiderat,
788 2450 873 2507 Cotta

94 2532 193 2592 aberat
206 2543 235 2591 et
248 2532 354 2591 Curio:
376 2531 488 2589 virebat
501 2551 517 2589 e
531 2531 647 2608 reliquis
664 2530 790 2608 patronis
811 2527 873 2605 ejus

94 2613 187 2672 aetatis
208 2632 293 2672 nemo
312 2621 414 2690 praeter
438 2611 599 2671 Carbonem
620 2623 649 2669 et
673 2608 871 2685 Pomponium,

93 2712 214 2772 quorum
248 2703 400 2768 utrumque
434 2692 517 2751 facile
550 2691 710 2769 superabat.
762 2689 921 2752 muno

93 2774 241 2834 Inferioris
250 2776 344 2833 autem
357 2773 447 2832 aetatis
460 2782 520 2831 erat
530 2774 674 2850 proxImus
688 2770 722 2827 L.
737 2770 871 2845 Sisenna,

93 2856 196 2915 doctus
209 2855 250 2914 vir
264 2864 293 2912 ct
306 2853 407 2911 studiis
420 2854 533 2931 optimis
542 2853 665 2923 deditus,
680 2851 754 2909 bene
768 2851 871 2911 Latine

92 2936 222 3013 loquens,
236 2952 344 3013 gnarus
367 2934 560 3011 reipublice,
583 2951 639 2991 non
661 2931 726 2990 siue·
743 2932 870 3001 facetiim

93 3018 145 3076 aad
169 3036 263 3094 neque
286 3012 391 3072 laboris
413 3014 496 3075 multi
519 3032 576 3072 nec
600 3009 669 3070 satis
693 3023 820 3072 versatus
841 3010 871 3067 in

94 3097 192 3158 cancia
206 3094 428 3174 interiectusque
441 3095 515 3154 inter
528 3095 601 3153 duas
614 3101 713 3152 aetates
725 3089 873 3153 Hortensii
