1986 3450
148 227 188 285 76
255 225 302 273 DE
324 225 451 274 CLARIS
472 223 702 281 ORATORlBUS,
719 222 788 271 Cau.
806 223 846 270 70.

148 389 206 429 non
229 382 362 447 possunt3
392 372 434 430 sic
458 371 516 442 ille,
541 388 607 428 cum
634 369 712 427 omni
736 369 795 445 jam
818 368 936 427 fortuna

147 471 281 528 prospere
315 453 429 511 functus
463 451 575 508 labores
606 451 694 508 etiam
729 469 852 526 magnos
885 469 935 506 ex·

149 534 281 608 cepisset,
297 533 371 590 illius
382 531 527 608 judicialis
553 532 625 594 anni,
646 530 825 602 severitatem
851 531 934 607 quasi

149 613 237 671 solem
253 634 308 671 non
325 614 397 673 tulit,
489 641 492 648 ·
802 641 805 645 ·

98 711 138 751 24⁴
176 694 266 758 ,Turn
290 694 414 763 Atticae,
438 693 486 750 Tu
519 693 633 769 quidem
661 693 697 750 de
725 692 805 762 lece,
829 692 932 768 inquit,

149 775 245 832 hauris
272 773 357 848 idque
388 773 576 849 jamdudum:
602 774 656 830 sed
694 775 846 841 tacebam3
878 775 933 829 hoc

148 873 284 911 veronou
299 854 432 929 putabam
455 864 483 912 te
509 872 598 931 usqne
623 855 657 910 ad
684 854 933 931 StalenosqetAu·

147 933 260 990 tronins
272 952 335 991 esse
360 947 518 994 venturum.
556 933 628 990 Non
651 945 729 1009 puto,
745 935 871 1009 inquam,
886 953 934 991 ex·

147 1012 274 1071 istimare
285 1015 479 1072 teambitione
494 1035 539 1072 me
554 1015 621 1085 labi,
633 1015 736 1090 quippe
746 1015 783 1071 de
795 1015 931 1074 mortuis:
944 1044 947 1047 ·

147 1093 350 1152 sedmdinem
376 1115 499 1172 sequens
526 1096 555 1152 in
583 1095 749 1151 memoriam
776 1108 875 1151 notam
904 1105 933 1152 et

148 1176 286 1249 equalem
308 1176 619 1235 necessariotincurro.
663 1175 736 1232 Volo
759 1186 855 1232 autem
877 1175 933 1232 hoc

147 1255 269 1331 perspici
283 1257 416 1314 omnibus
432 1256 608 1331 conquisitis,
623 1255 671 1330 qui
694 1255 723 1312 in
748 1255 932 1313 multitudine

148 1335 245 1393 dicere
260 1337 321 1393 ausi
336 1336 402 1406 sint,
416 1339 553 1394 memoria
567 1336 681 1413 quidem
696 1336 798 1412 dignos
812 1355 934 1412 perpaua

109 1451 110 1454 =
148 1434 207 1484 cos,
227 1435 324 1473 verum
348 1417 395 1492 qni
413 1417 537 1474 »omnino
559 1436 662 1474 nomen
689 1417 850 1486 habuerint,
873 1436 931 1473 non

149 1495 188 1552 ita
202 1497 304 1555 multos
319 1496 413 1554 luisse.
457 1498 513 1554 Sed
530 1499 563 1554 ad
587 1514 747 1554 sermonem
770 1497 932 1556 institutum

97 1593 137 1633 245
148 1589 330 1634 revertamur.
371 1577 467 1636 LXX.
497 1577 534 1637 Τ.
561 1577 734 1652 Torquatus,
763 1575 800 1636 T.
828 1575 873 1646 F„
901 1587 931 1634 et

148 1655 250 1713 doctus
275 1658 316 1714 vir
341 1676 376 1713 ex
404 1656 521 1714 Rhodia
542 1658 693 1733 disciplina
715 1656 841 1727 Molonis
863 1666 893 1714 et
915 1677 932 1715 a

148 1744 250 1793 natura
265 1736 470 1795 addicendum
486 1738 554 1794 satis
576 1739 684 1796 solutus
708 1749 792 1813 atque
813 1737 932 1814 expedi·

148 1824 194 1872 tus
209 1814 271 1892 (cui
292 1816 316 1872 si
339 1816 398 1873 sita
422 1819 792 1893 suppeditavissetssublato
821 1819 932 1875 ambitu

148 1896 247 1952 consul
276 1895 369 1952 lactus
392 1898 480 1973 essct)
509 1898 572 1971 plus
597 1898 741 1956 facultatis
768 1898 868 1955 habuit
896 1899 932 1956 ad

148 1973 301 2031 dicendum
316 1993 401 2050 quam
423 1974 582 2034 voluntatis.
625 1978 725 2053 ltaque
747 1977 844 2035 studio'
863 1978 936 2036 huic

147 2071 204 2111 non
219 2054 372 2112 satisfecit:
389 2054 489 2113 officio
503 2075 569 2114 vero
581 2076 637 2114 nec
659 2059 687 2115 in
701 2076 816 2116 suorum
831 2078 933 2117 neces·

147 2133 285 2192 sariorum
299 2135 395 2193 causis
418 2136 524 2194 necin
549 2139 692 2196 sententia
715 2139 859 2196 senatoria
882 2140 933 2196 de·

97 2232 136 2274 sto
147 2212 208 2273 fuit.
250 2213 345 2272 Etiam
361 2215 401 2272 M.
418 2215 567 2275 Pontidius
588 2219 737 2294 municeps
751 2228 845 2276 noster
860 2219 934 2278 mul-

146 2303 191 2353 tas
204 2294 327 2372 privatas
342 2315 444 2353 causas
459 2297 587 2356 actitavit
609 2300 739 2357 celeriter
760 2318 829 2356 sane
844 2301 933 2358 verba

147 2376 262 2434 volvens
289 2395 345 2433 nec
373 2377 461 2434 hebes
488 2378 516 2435 in
545 2379 650 2449 causis,
673 2379 717 2436 vel
750 2379 844 2437 dicam
867 2381 933 2456 plus

149 2456 235 2514 etiam
250 2475 334 2532 quam
357 2475 414 2513 non
440 2459 536 2528 hebes,
551 2459 601 2516 sed
623 2460 815 2517 effervescens
837 2460 866 2517 in
892 2461 935 2518 di-

147 2538 239 2595 cendo
257 2537 404 2594 stomacho
418 2557 492 2615 saepe
507 2539 711 2615 iracundiaque
723 2540 932 2611 vehementius,

147 2625 249 2674 utnon
269 2635 336 2676 cunr
361 2616 525 2676 adversario·
542 2619 633 2676 solum
657 2621 706 2677 sed
729 2621 816 2677 etiam
841 2620 933 2698 (quod

147 2695 277 2755 mirabile
290 2699 380 2776 esset)
396 2717 462 2755 cum
484 2698 583 2775 judice
606 2699 676 2775 ipso,
692 2699 774 2776 cujus
788 2700 933 2759 delenitor

147 2792 210 2832 esse
225 2777 310 2836 debet
323 2788 426 2849 orator,
446 2778 541 2856 jurgio
563 2799 637 2855 saepe
652 2782 847 2838 contenderet.
889 2781 932 2840 Μ.

147 2854 275 2914 Messala
289 2859 380 2916 minor
395 2867 462 2915 natu
477 2877 562 2932 quam
585 2879 636 2916 nos
659 2862 737 2918 nullo
752 2861 836 2918 modo
850 2861 934 2938 inops

147 2935 197 2992 sed
220 2955 276 2994 non
299 2938 384 2995 nimis
408 2948 526 2996 ornatus
549 2959 655 3015 genere
677 2941 845 3010 verborum;
867 2961 934 3018 pru·

146 3017 228 3087 dens,
263 3032 374 3086 acutus,
409 3019 526 3076 minime
561 3019 694 3078 incautus
727 3033 872 3097 patronus,
901 3023 933 3081 in

147 3097 242 3155 cauus
269 3099 485 3176 cognoscendis·
505 3102 767 3178 componendisque
795 3101 932 3182 diligens,
