1986 3450
190 211 237 261 DE
258 209 385 262 CLARIS
401 207 633 270 ORATORIBUS,
649 211 719 261 Cu.
735 213 776 263 92.
822 215 876 274 101

95 356 170 415 veris
197 356 293 417 causis
315 356 537 434 scriptoremque
560 366 743 432 prestantem
766 367 827 415 tum
849 359 879 417 iu

95 437 229 495 notandis
243 437 560 511 animadvertendisque
574 439 691 496 uitiiset
706 438 880 499 instituendo

95 518 283 596 docendoque
307 517 569 595 prudentissimum.
611 519 641 576 Ie
665 519 744 576 dedit
765 538 879 595 operam

96 598 136 676 (si
150 600 234 658 modo
248 599 276 657 id
292 599 429 675 consequi
442 597 559 677 potuit),
574 610 606 658 ut
618 599 705 657 nimis
719 598 880 657 redundan-

95 690 138 736 tes
153 698 205 739 uos
218 688 248 736 et
261 677 467 755 superfluentes
478 677 596 754 juvenili
617 680 741 756 quadam
763 679 880 737 dicendi

95 757 267 835 impunitate
280 768 309 817 et
322 759 440 825 lieentia
462 760 637 836 reprimeret,
652 771 682 818 et
704 760 786 836 quasi
800 772 881 817 extra

95 838 172 915 ripas
194 839 356 898 diffluentes
381 842 536 898 coerceret.
579 839 625 898 Ita
648 839 744 916 recepi
768 859 815 898 me
840 840 881 897 bi·
945 868 949 877 ·

94 920 184 978 ennio
196 931 259 998 post
272 939 329 978 non
344 920 428 979 modo
439 920 623 980 exercitatior
644 920 694 978 sed
718 940 805 998 prope
820 939 880 979 mu·

95 1009 187 1058 tatus:
208 1018 276 1058 nam
289 1010 318 1058 et
331 1001 477 1059 contentio
490 1001 580 1059 nimia
594 1001 671 1059 vocis
685 1002 837 1072 recideret,
851 1010 881 1059 et
970 1037 973 1041 ·

95 1079 178 1157 quasi
211 1081 369 1139 deferverat
401 1080 824 1156 orati031eteribusque.vires
851 1091 880 1138 et

95 1161 206 1237 corpori
234 1161 388 1220 mediocris
421 1161 536 1219 habitus
569 1171 739 1219 accesserat.
780 1161 879 1219 XCII.

96 1239 163 1300 Duo
176 1253 235 1301 tum
255 1242 441 1300 excellebant
457 1251 594 1312 oratores,
608 1241 657 1316 qui
669 1259 727 1303 ,me
749 1241 880 1299 imitandi
890 1256 930 1299 ³17

95 1322 252 1398 cupiditate
266 1323 432 1392 incitarent,
447 1323 534 1383 Cotta
556 1330 586 1378 et
600 1320 772 1379 Hortensius
786 1341 793 1390 ;
813 1340 881 1396 quo·

95 1421 157 1460 rum
181 1403 250 1461 ulter
278 1404 415 1463 remissus
439 1413 469 1459 et
490 1400 563 1460 leuis
588 1411 616 1458 et
640 1401 760 1477 propriis
786 1401 885 1471 verbis>

95 1483 342 1559 comprehendens
355 1481 445 1545 solute
459 1494 488 1538 et
500 1481 586 1538 facile
597 1481 768 1541 sententiam
780 1501 788 1552 ;
811 1480 881 1540 alter

93 1574 221 1629 ornatus,
238 1581 305 1619 acer
319 1572 348 1618 et
361 1581 418 1619 non
433 1561 508 1631 talis,
522 1560 633 1637 qualern
649 1573 679 1618 tu
694 1580 770 1632 eum,
782 1562 880 1634 Brute,

91 1643 153 1720 jam
168 1641 406 1700 deflorescentem
431 1641 598 1719 cognovisti,
613 1643 663 1699 sed
688 1642 836 1700 verborum
852 1653 881 1700 et

96 1722 220 1780 actionis
246 1741 352 1798 genere
377 1721 551 1780 commotior.
594 1721 694 1799 ltaque
717 1742 784 1780 cum
806 1721 880 1781 Hor·

94 1802 190 1861 tensio
204 1802 274 1863 milri
288 1801 381 1879 magis
404 1801 561 1860 arbitrabar
582 1821 643 1860 rem
666 1821 739 1872 esse,
753 1803 827 1879 quod
851 1813 880 1861 et

94 1883 214 1942 dicendi
226 1883 326 1942 ardore
339 1902 419 1941 eram
432 1883 544 1961 propior
554 1893 584 1941 et
595 1893 678 1941 aetate
690 1883 878 1960 conjunctior.

95 1964 213 2023 Etenim
227 1963 353 2022 videram
368 1963 397 2020 in
413 1963 513 2023 iisdem
536 1964 642 2035 causis,
657 1973 689 2021 ut
701 1983 752 2041 pro
766 1963 808 2023 M.
824 1965 880 2023 Ca·

95 2045 202 2116 nuleio,
216 2063 266 2120 pro
280 2045 335 2102 Cn.
350 2044 502 2104 Dolabella
523 2043 679 2115 consulari,
705 2063 771 2102 cum
793 2046 880 2104 Cotta

95 2125 229 2201 princeps
255 2125 400 2183 adhibitus
426 2137 512 2195 esset,
538 2123 646 2200 priores
670 2133 765 2182 tamen
795 2142 880 2215 agere

95 2216 192 2282 partes
208 2205 404 2264 Hortensium.
446 2206 554 2264 Acrem
576 2204 654 2277 enim
671 2215 823 2276 oratorem,
838 2205 880 2262 in·

96 2304 216 2343 censum
231 2296 259 2343 et
274 2295 405 2375 agentem
424 2293 454 2342 et
468 2302 604 2342 canorum
619 2304 777 2345 concursus
792 2285 880 2343 homi·

96 2384 166 2424 num
189 2366 297 2442 forique
318 2365 451 2442 strepitus
472 2354 622 2425 desiderat.
674 2367 772 2445 Unum
794 2364 930 2440 igiturne

97 2464 222 2537 anuum,
231 2464 298 2505 cum
312 2445 496 2504 rediissemus
508 2464 545 2502 ex
559 2445 640 2517 Asia,
655 2464 757 2504 causas
772 2444 880 2502 nobiles

96 2526 218 2604 egimus,
233 2538 485 2604 cumquaesturam
506 2544 569 2598 noe,
584 2527 763 2588 consulatum
785 2523 879 2598 Cotta,

97 2606 264 2666 aedilitatem
296 2618 406 2684 peteret
444 2605 625 2666 Hortensius.
679 2603 800 2664 Interim
834 2623 880 2664 me
958 2674 962 2681 ¹

96 2698 266 2762 quaestorem
289 2687 449 2746 Siciliensis
467 2687 581 2764 excepit
603 2704 715 2746 annus:
735 2685 822 2747 Cotta
844 2706 881 2746 ex

96 2769 249 2827 consulatu
264 2779 307 2825 est
320 2767 493 2844 profectus
485 2787 516 2826 tn
538 2768 683 2827 Galliam.
704 2765 839 2845 princeps
852 2777 882 2827 et

96 2859 160 2906 erat
174 2857 204 2906 et
217 2848 375 2907 habebatur
390 2848 570 2909 Hortensius.
605 2849 681 2909 Cum
696 2857 791 2905 autem
805 2868 882 2907 anno

96 2939 161 3005 post
173 2948 191 2988 e
206 2929 308 2987 Sicilia
320 2947 367 2986 me
380 2929 564 3007 recepissem,
575 2929 635 3005 jam
648 2927 797 2987 videbatur
811 2928 882 2986 illud

97 3008 128 3066 in
142 3027 198 3081 me,
212 3009 349 3086 quidquid
363 3020 447 3082 esset,
461 3029 525 3069 ease
548 3008 706 3087 perfectum
727 3019 757 3067 et
775 3008 882 3067 habere

97 3090 292 3151 maturitatem
302 3089 446 3228 quppdcm
460 3109 551 3151 suam.
579 3087 883 3153 Nimis-multavideor
